2284 3717
413 165 510 212 DE
561 166 880 213 IMPERIO
930 165 1045 214 GN.
1094 166 1409 213 POMPEII
1459 163 1763 215 ORATIO.
1937 149 2022 213 83

232 328 325 384 11.
374 325 420 383 J
425 341 525 381 am
576 340 719 380 vero
761 322 973 381 virtuti
1019 322 1128 381 Cn.
1179 323 1456 398 Pompeii
1503 341 1656 398 quae
1710 327 1916 398 potest

150 407 349 464 oratio
378 421 494 479 par
520 401 830 460 inveniri?
919 404 1073 477 Quid
1107 410 1203 461 est
1241 404 1402 479 quod
1445 404 1763 479 quisquam
1809 407 1917 459 aut

148 486 254 543 illo
287 487 551 560 dignum
595 489 703 540 aut
734 483 906 540 vobis
947 501 1174 540 novum
1218 489 1323 540 aut
1364 484 1646 559 cuiquam
1688 482 1919 540 inaudi-

148 571 285 622 tum
317 566 518 639 possit
561 561 839 620 adferre?
924 563 1136 638 Neque
1184 564 1340 620 enim
1386 564 1524 621 illae
1570 568 1714 620 sunt
1754 563 1917 619 solae

150 646 418 702 virtutes
444 643 886 718 imperatoriae,
911 660 1062 717 quae
1085 644 1268 716 vulgo
1291 644 1726 710 existimantur,
1752 643 1920 699 labor
1986 645 2023 704 5

150 725 213 782 in
256 725 543 798 negotiis,
578 722 871 780 fortitudo
900 724 962 779 in
992 724 1292 798 perieuliS,
1323 723 1623 781 industria
1651 725 1711 779 in
1743 740 1922 797 agen·

22 881 47 888 -
152 806 253 876 do,
279 805 563 862 celeritas
594 805 654 860 in
681 803 1061 874 conficiendo,
1088 803 1404 860 consilium
1427 804 1489 860 in
1512 804 1917 880 providend03

150 903 311 960 quae
352 891 528 941 tanta
562 889 706 941 sunt
734 884 795 939 in
826 882 939 940 hoe
968 902 1105 954 uno,
1138 888 1367 958 quanta
1410 884 1474 941 in
1517 884 1796 941 omnibus
1837 901 1924 940 re-

150 965 346 1040 liquis
375 964 861 1039 imperatoribus
894 980 1045 1037 quos
1091 971 1198 1020 aut
1226 963 1490 1022 vidimus
1541 968 1646 1020 aut
1690 963 1921 1021 audivi-

151 1062 314 1114 mm,
346 1062 469 1101 non
513 1045 773 1101 fuerunt.
859 1042 1062 1100 Testis
1090 1048 1187 1100 est
1214 1044 1415 1111 Italia,
1448 1062 1629 1119 quam
1661 1044 1759 1100 ille
1791 1044 1920 1119 ipse
1952 1047 2027 1104 10

153 1125 357 1181 victor
401 1124 472 1182 L.
508 1124 679 1182 Sulla
719 1123 894 1196 hujus
924 1123 1150 1181 virtute
1196 1130 1257 1180 et
1306 1123 1575 1181 subsidio
1610 1124 1922 1181 confessus

151 1210 256 1261 est
296 1204 652 1276 liberatam3
702 1203 879 1260 testis
925 1207 1020 1259 est
1071 1202 1292 1272 Sicilia,
1337 1222 1517 1278 quam
1561 1204 1770 1259 multis
1821 1221 1924 1259 un-

153 1284 343 1357 dique
374 1284 634 1340 cinctam
665 1282 949 1356 periculis
974 1300 1093 1338 non
1121 1288 1348 1340 terrore
1373 1283 1529 1352 belli,
1556 1284 1663 1341 sed
1686 1283 1923 1341 consilii

154 1363 472 1421 celeritate
502 1362 861 1438 explicavit3
903 1362 1077 1419 testis
1115 1368 1212 1419 est
1241 1362 1466 1433 Africa,
1500 1382 1653 1438 quae
1683 1364 1923 1432 magnis

154 1460 456 1518 oppressa
507 1442 774 1500 hostium
824 1442 1011 1517 copiis
1053 1459 1261 1499 eorum
1309 1443 1575 1517 ipsorum
1627 1442 1921 1516 sanguine
1954 1449 2027 1507 15

154 1521 566 1596 redundavit3
609 1522 787 1579 testis
831 1527 926 1578 est
962 1521 1178 1590 Gallia,
1209 1539 1316 1595 per
1359 1540 1541 1597 quam
1584 1522 1925 1595 legionibus

155 1603 394 1660 nostris
442 1602 558 1659 iter
612 1602 676 1658 in
734 1601 1095 1676 Hispaniam
1150 1601 1462 1659 Gallorum
1519 1602 1925 1659 internecione

154 1683 536 1758 patefactum
561 1687 689 1754 est3
718 1682 895 1738 testis
923 1686 1018 1738 est
1048 1680 1367 1755 Hispania,
1390 1700 1545 1756 quae
1570 1681 1925 1762 saepissime

157 1763 462 1838 plurImos
491 1761 700 1818 hostes
731 1761 807 1817 ab
831 1760 943 1818 hoe
967 1767 1285 1834 superatos
1314 1767 1769 1836 prostratosque
1793 1779 1927 1819 con-

158 1843 390 1918 spexit3
435 1842 614 1899 testis
642 1850 737 1898 est
765 1840 981 1897 iterum
1010 1846 1073 1896 et
1101 1841 1347 1915 saepius
1377 1841 1578 1908 Italia,
1605 1859 1758 1915 quae
1790 1859 1925 1898 eum
1956 1846 2032 1904 20

159 1922 373 1980 servili
404 1922 561 1978 bello
591 1926 791 1978 taetro
809 1920 1264 1995 periculosoque
1293 1927 1679 1995 premeretur,
1705 1922 1781 1977 ab
1811 1920 1925 1979 hoc

160 2002 461 2060 auxilium
508 2000 756 2058 absente
801 1999 1108 2073 expetivit,
1141 2001 1301 2074 quod
1351 2000 1573 2056 bellum
1617 2006 1925 2074 exspecta-

158 2083 325 2140 tione
350 2083 482 2154 ejus
504 2086 888 2137 attenuatum
910 2084 1091 2154 atque
1111 2080 1499 2136 imminutum
1520 2085 1630 2150 est,
1658 2081 1926 2137 adventu

158 2163 477 2219 sublatum
510 2177 578 2217 ae
608 2160 949 2234 sepultum3
992 2165 1180 2216 testes
1210 2177 1367 2216 nune
1399 2177 1539 2216 vero
1561 2161 1687 2232 jam
1719 2176 1926 2216 omnes

158 2260 298 2299 orae
331 2246 519 2313 atque
551 2257 761 2296 omnes
789 2245 1028 2296 exterae
1073 2243 1288 2312 gentes
1331 2256 1401 2295 ae
1443 2239 1736 2308 nationeS‚
1768 2239 1928 2296 deni·
1957 2243 2030 2301 25

159 2340 274 2396 que
305 2319 506 2376 maria
535 2320 739 2375 omnia
769 2335 906 2375 eum
934 2319 1223 2375 universa
1250 2324 1383 2374 tum
1412 2317 1474 2373 in
1504 2318 1762 2392 singulis
1805 2319 1927 2375 oris

160 2417 376 2458 omnes
420 2398 593 2455 sinus
643 2405 823 2473 atque
873 2403 1101 2471 portus,
1190 2397 1342 2469 Quis
1390 2398 1551 2454 enim
1599 2403 1731 2455 toto
1775 2397 1928 2454 mari

158 2480 331 2538 loeus
362 2496 473 2553 per
502 2476 615 2533 hos
647 2495 837 2535 annos
867 2483 973 2534 aut
1000 2483 1128 2533 tam
1170 2476 1406 2533 firmum
1453 2476 1667 2533 habuit
1707 2477 1931 2552 praesi-

160 2560 349 2629 dium,
377 2564 448 2615 ut
476 2564 649 2613 tutus
671 2562 848 2625 esset,
872 2562 977 2613 aut
997 2562 1126 2613 tam
1144 2556 1261 2612 fuit
1285 2556 1547 2625 abditus,
1572 2561 1641 2613 ut
1669 2554 1927 2614 lateret?

163 2640 317 2712 Quis
363 2636 692 2709 navigavit
727 2636 828 2710 qui
857 2653 977 2692 non
1008 2654 1072 2693 se
1104 2640 1211 2692 aut
1239 2636 1451 2693 mortis
1482 2640 1589 2692 aut
1617 2637 1928 2694 servitutis
1958 2640 2033 2696 30

160 2717 433 2792 periculo
486 2716 901 2784 committeret,
954 2733 1089 2772 eum
1146 2720 1251 2771 aut
1299 2714 1492 2771 hieme
1549 2721 1655 2772 aut
1709 2717 1929 2773 referto

160 2797 545 2872 praedonum
581 2795 731 2851 mari
776 2792 1138 2868 navigaret?
1225 2794 1363 2850 Hoc
1405 2799 1645 2851 tantum
1688 2795 1927 2864 bellum,

162 2883 288 2934 tam
325 2882 525 2949 turpe,
560 2879 684 2930 tam
717 2879 909 2943 vetUS,
941 2879 1071 2930 tam
1111 2873 1233 2929 late
1278 2873 1541 2930 divisum
1587 2879 1769 2948 atque
1812 2874 1930 2931 dis-

165 2973 413 3030 persum
444 2953 585 3028 quis
615 2971 904 3027 umquam
950 2952 1342 3009 arbitraretur
1383 2958 1490 3009 aut
1533 2953 1608 3008 ab
1652 2954 1930 3010 omnibus

164 3034 640 3111 imperatoribus
670 3050 790 3088 uno
821 3051 978 3089 anno
1009 3037 1113 3088 aut
1157 3033 1433 3089 omnibus
1477 3032 1651 3089 annis
1694 3034 1768 3089 ab
1811 3049 1930 3088 uno
1960 3032 2034 3091 35

165 3115 532 3191 imperatore
564 3111 772 3169 confici
802 3110 1024 3186 posse?
1110 3111 1305 3183 Quam
1348 3112 1722 3186 provinciam
1764 3117 1933 3168 tenu-

165 3194 300 3252 istis
333 3212 370 3250 a
396 3192 810 3269 praedonibus
838 3191 1088 3247 liberam
1116 3209 1222 3265 per
1245 3190 1423 3248 hosce
1450 3188 1682 3247 annos?
1755 3188 1930 3261 Quod

168 3273 432 3349 vectigal
470 3271 648 3329 vobis
676 3265 878 3327 tutum
909 3268 1066 3327 fuit?
1154 3270 1346 3342 Quem
1378 3270 1607 3325 socium
1637 3267 1933 3322 defendis·

168 3352 291 3413 tis?
355 3352 477 3413 Cui
507 3350 813 3427 praesidio
842 3350 1139 3407 elassibus
1170 3349 1392 3405 vestris
1422 3342 1666 3402 fuistis?
1731 3343 1930 3414 Quam
