2284 3717
246 163 332 231 86
771 181 847 229 Μ.
878 179 1137 228 'runnu
1188 178 1583 228 monnoms

350 337 746 413 cupiditatem
791 337 1139 413 provinciae
1185 336 1645 413 magistratibus
1680 335 1964 394 diviserit
2006 339 2120 392 aut

347 423 596 493 propter
653 418 974 474 avaritiam
1032 417 1268 474 Romae
1323 419 1388 474 in
1436 422 1696 490 quaestu
1753 413 2117 491 reliquerit?

352 497 580 554 Vestra
625 497 1099 554 admurmuratio
1147 498 1306 567 facit,
1341 498 1626 569 QuiriteS,
1668 501 1738 553 nt
1782 511 2117 569 agnoscere

355 576 685 633 videamini
714 577 817 651 qui
857 575 1004 633 haec
1033 577 1315 650 fecerint3
1357 594 1472 650 ego
1504 583 1707 632 antem
1738 576 1987 632 nomino
2019 591 2122 629 ne-

286 657 320 713 5
354 656 611 730 minem;
676 673 860 731 quare
908 656 1086 713 irasci
1136 656 1285 712 mihi
1339 673 1511 712 nemo
1561 655 1800 729 poterit,
1847 655 1965 710 nisi
2009 654 2117 728 qui

353 742 493 792 ante
539 737 613 792 de
661 752 724 792 se
755 736 1015 792 voluerit
1048 735 1334 794 confiteri.
1419 735 1642 809 Itaque'
1671 739 1919 809 propter
1958 733 2121 790 hanc

354 815 678 872 avaritiam
734 815 1163 890 imperatorum
1211 820 1473 889 quantas
1528 815 1930 883 calamitates,
1976 829 2124 887 quo·

352 912 607 970 cumque
657 901 910 951 ventum
965 900 1077 963 est,
1121 894 1316 951 nostri
1370 895 1669 951 exercitus
1724 894 1925 950 ferant
1979 892 2120 967 quis

352 971 638 1048 ignorat?
709 975 940 1031 Itinera
961 992 1112 1048 quae
1141 992 1247 1049 per
1271 974 1450 1030 hosce
1478 990 1669 1031 annos
1699 973 1761 1029 in
1791 973 1984 1029 Italia
2011 989 2122 1045 per

251 1053 325 1110 10
357 1071 538 1128 agros
569 1059 751 1129 atque
781 1054 1007 1128 oppida
1044 1054 1267 1110 civium
1312 1054 1729 1111 Romanorum
1772 1051 1974 1108 nostri
2014 1052 2124 1106 im·

353 1131 663 1208 peratores
687 1134 937 1190 fecerint
957 1133 1375 1203 recordamini,
1400 1140 1533 1189 tum
1562 1133 1800 1189 facilius
1830 1131 2121 1188 statuetis

356 1214 501 1287 quid
532 1214 690 1288 apud
721 1219 957 1270 exteras
993 1214 1270 1270 nationes
1295 1212 1419 1269 fieri
1447 1213 1826 1269 existimetis.
1887 1211 2120 1268 Utrum

353 1293 557 1367 plures
578 1293 953 1349 arbitramini
969 1292 1267 1367 perhosce
1288 1309 1480 1349 annos
1499 1292 1761 1348 militum
1776 1295 2120 1347 vestrorum

357 1372 541 1428 armis
571 1371 834 1430 hostium
864 1373 1044 1429 nrbes
1081 1390 1159 1429 an
1190 1372 1457 1429 hibernis
1499 1372 1802 1429 sociorum
1832 1370 2121 1427 civitates

254 1451 325 1506 15
357 1469 490 1509 esse
521 1450 797 1509 deletas?
879 1451 1094 1526 Neque
1123 1453 1284 1508 enim
1313 1456 1516 1526 potest
1542 1454 1874 1508 exercitum
1903 1449 1961 1506 is
1989 1466 2124 1506 con·

357 1531 549 1588 tinere
595 1532 938 1607 imperator,
986 1532 1091 1606 qui
1137 1549 1202 1589 se
1246 1531 1376 1607 ipse
1425 1548 1546 1587 non
1592 1529 1880 1598 continet,
1926 1546 2122 1603 neque

357 1628 605 1668 severus
649 1630 784 1670 esse
827 1612 892 1667 in
933 1612 1278 1684 judicando,
1316 1611 1418 1685 qui
1464 1611 1616 1667 alios
1658 1610 1721 1666 in
1766 1626 1831 1665 se
1871 1625 2123 1665 severos

354 1707 488 1747 esse
510 1690 744 1764 judices
773 1708 892 1747 non
924 1691 1069 1748 vult.
1158 1690 1278 1747 Hic
1304 1691 1596 1747 miramur
1620 1689 1780 1745 hunc
1808 1688 2123 1745 hominem

359 1773 593 1826 tantum
616 1771 901 1827 excellere
931 1770 1165 1840 ceteriS,
1191 1772 1360 1844 quus
1389 1770 1662 1844 legiones
1693 1769 1780 1825 sic
1801 1768 1868 1823 in
1897 1767 2121 1824 Asiam

251 1846 327 1903 20
355 1851 756 1922 pervenerint,
802 1856 872 1905 nt
920 1867 1040 1906 non
1082 1850 1260 1906 modo
1319 1867 1536 1906 manus
1590 1848 1747 1905 tanti
1796 1848 2120 1917 exercituS,

358 1929 464 1985 sed
507 1947 581 1986 ne
612 1929 937 2004 vestigium
978 1929 1221 2004 quidem
1261 1930 1543 2004 cuiquam
1589 1932 1803 2003 pacato
1835 1927 2123 1984 nocuisse

357 2007 634 2066 dicatur?
718 2009 760 2066 J
767 2027 863 2064 am
894 2027 1034 2066 vero
1065 2027 1246 2083 quem
1290 2010 1366 2065 ad
1397 2009 1638 2065 modum
1671 2006 1898 2063 milites
1931 2006 2127 2063 hiber-

356 2094 502 2144 nent
531 2089 800 2163 quotidie
832 2106 1140 2144 sermones
1172 2106 1239 2145 ac
1268 2089 1501 2145 litterae
1529 2087 1916 2163 perferuntur
1940 2107 1954 2143 ε
2000 2103 2123 2142 non

358 2168 537 2223 modo
577 2174 647 2223 nt
686 2173 994 2243 sumptum
1025 2168 1206 2224 faciat
1248 2169 1311 2224 in
1351 2169 1606 2224 militem
1636 2165 1864 2222 nemini
1894 2166 1995 2222 vis
2026 2165 2127 2221 ad-

253 2245 327 2302 25
362 2246 565 2316 fertur,
612 2247 718 2303 sed
763 2265 838 2303 ne
882 2247 1150 2322 cupienti
1197 2248 1437 2322 quidem
1497 2247 1779 2320 cuiquam
1824 2244 2128 2320 permitti-

358 2330 493 2398 tur3
540 2324 753 2381 hiemis
798 2327 974 2397 enim,
1009 2344 1129 2383 non
1160 2328 1451 2383 avaritiae
1491 2325 1830 2401 perfugium
1864 2327 2125 2399 maj0res

356 2406 547 2461 nostri
588 2404 651 2461 in
697 2405 994 2462 sociorum
1040 2412 1222 2481 atque
1270 2408 1600 2464 amicorum
1638 2404 1817 2462 tectis
1856 2421 1994 2463 esse
2026 2421 2129 2461 vo·

357 2484 612 2541 luerunt.

442 2566 531 2622 14.
578 2563 716 2637 Age
753 2581 897 2621 vero
943 2564 1157 2622 ceteris
1202 2565 1264 2621 in
1308 2566 1487 2622 rebus
1530 2563 1694 2639 quali
1740 2562 1825 2619 sit
1868 2568 2127 2639 temper-

255 2643 329 2698 30
361 2644 527 2699 antia
554 2643 963 2701 considerate:
1005 2645 1168 2701 unde
1196 2645 1362 2701 illam
1389 2651 1625 2702 tantam
1645 2642 2034 2700 celeritatem
2062 2653 2125 2699 et

359 2726 487 2777 tam
529 2722 936 2778 incredibilem
981 2741 1219 2780 cursum
1264 2725 1580 2781 inventum
1615 2720 1894 2798 putatis?
1983 2722 2037 2779 N
2047 2739 2123 2778 on

362 2802 521 2857 enini
570 2802 738 2858 illum
791 2803 1012 2858 eximia
1053 2803 1149 2859 vis
1199 2804 1495 2876 remigum
1545 2809 1649 2860 aut
1694 2820 1793 2858 ars
1843 2802 2124 2859 inaudita

362 2881 657 2953 quaedam
691 2882 1068 2954 gubernandi
1100 2887 1207 2938 aut
1232 2884 1396 2939 venti
1428 2883 1613 2957 aliqui
1641 2882 1787 2938 novi
1816 2887 1950 2938 tam
1981 2883 2124 2940 cele·

360 2959 505 3014 riter
526 2960 586 3014 in
618 2960 868 3016 ultimas
903 2967 1097 3017 terras
1126 2962 1521 3035 pertulerunt,
1544 2963 1649 3019 sed
1680 2978 1788 3017 eae
1818 2979 1939 3032 reS,
1968 2978 2121 3036 quae

256 3037 330 3095 35
362 3044 590 3094 ceteros
620 3039 907 3095 remorari
950 3040 1162 3110 solent,
1197 3060 1316 3097 non
1351 3043 1768 3099 retardarunt:
1815 3059 1942 3098 non
1989 3058 2125 3097 ava-

359 3117 498 3172 ritia
540 3118 615 3172 ab
657 3118 940 3174 instituto
972 3136 1152 3175 cursu
1195 3121 1270 3176 ad
1298 3122 1588 3195 praedam
1632 3120 1902 3194 aliquam
1948 3121 2122 3177 devo·

358 3195 536 3262 cavit,
568 3212 688 3250 non
723 3196 912 3251 libido
957 3197 1033 3252 ad
1065 3198 1456 3272 voluptatem,
1490 3218 1610 3257 non
1654 3200 2001 3257 amoenitas
2046 3200 2119 3256 ad

360 3271 838 3341 delectationem,
870 3291 990 3329 non
1035 3276 1327 3334 nobilitas
1374 3280 1541 3335 urbis
1582 3280 1657 3335 ad
1687 3279 2120 3352 cognitionem,

363 3360 483 3401 non
513 3348 767 3421 denique
796 3350 968 3406 labor
995 3351 1124 3425 ipse
1155 3355 1232 3411 ad
1263 3358 1562 3432 quietem3
1606 3363 1918 3433 postremo
1950 3360 2124 3434 signa
