2284 3717
538 663 651 735 M.
698 660 1015 732 TULLII
1070 662 1567 735 CICERONIS

1004 866 1130 931 PRO

131 1069 214 1159 A.
259 1067 685 1161 LICINIO
738 1066 1141 1156 ARCHIA
1191 1068 1521 1157 POETA
1575 1068 1986 1160 ORATIO.

202 1441 249 1495 l.
296 1439 381 1497 SI
410 1437 557 1512 quid
596 1440 695 1494 est
720 1436 783 1493 in
812 1454 907 1494 me
945 1438 1190 1512 ingenii,
1212 1437 1465 1512 judices»,
1496 1437 1658 1512 quod
1694 1437 1891 1494 sentio

128 1537 297 1592 quam
326 1517 423 1575 sit
449 1517 758 1591 exiguum,
791 1524 898 1574 aut
925 1517 976 1573 si
1006 1536 1126 1592 qua
1159 1517 1513 1574 exercitatio
1543 1516 1799 1587 dicendi,
1823 1516 1887 1573 in

126 1615 242 1672 qua
278 1615 381 1653 me
426 1613 548 1652 non
591 1596 817 1652 infitior
844 1596 1225 1654 mediocriter
1261 1614 1394 1653 esse
1427 1602 1754 1666 versatum,
1785 1602 1892 1653 aut

128 1676 177 1732 si
206 1676 463 1750 huJusce
492 1674 579 1731 rei
606 1676 762 1731 ratio
792 1675 996 1750 aliqua
1024 1677 1102 1732 ab
1131 1676 1499 1749 optimarum
1522 1676 1744 1731 artium
1768 1681 1890 1731 stu-

129 1755 241 1812 diis
284 1773 360 1812 ac
411 1754 729 1829 disciplina
772 1757 1056 1828 profecta,
1089 1773 1125 1810 a
1154 1773 1274 1830 qua
1302 1773 1416 1828 ego
1459 1754 1690 1810 nullum
1719 1754 1892 1810 confi·
1957 1756 1994 1813 5

124 1840 253 1891 teor
282 1833 515 1890 aetatis
546 1851 715 1889 meae
744 1840 985 1907 tempus
1025 1833 1428 1902 abhorruisse,
1459 1851 1665 1889 earum
1693 1850 1891 1889 rerum

128 1914 405 1970 omnium
433 1912 530 1968 vel
558 1912 622 1967 in
649 1911 859 1987 primis
903 1911 998 1970 hic
1029 1914 1104 1970 A.
1140 1912 1413 1969 Licinius
1442 1913 1704 1969 fructum
1734 1930 1770 1968 a
1800 1930 1890 1967 me

125 1999 401 2067 repetere
437 2008 620 2065 prope
650 2009 761 2048 suo
790 1994 928 2064 jure
957 1992 1171 2064 debet3
1213 2010 1354 2048 nam
1388 1991 1586 2066 quoad
1617 1991 1894 2064 longissi-

126 2089 222 2128 me
267 2075 481 2146 potest
524 2087 693 2126 mens
742 2087 878 2127 mea
921 2071 1216 2146 respicere
1273 2071 1538 2144 spatium
1579 2070 1889 2145 praeteriti

128 2149 426 2223 temporis
462 2152 524 2203 et
549 2149 846 2222 pueritiae
874 2150 1225 2207 memoriam
1265 2150 1567 2207 recordari
1597 2150 1891 2218 ultimam,
1926 2150 1997 2208 10

124 2230 271 2286 inde
319 2244 514 2301 usque
556 2244 834 2302 repetens
877 2227 1035 2286 huno
1065 2229 1244 2287 video
1286 2229 1435 2285 mihi
1475 2229 1802 2304 principem
1832 2235 1894 2285 et

130 2309 207 2364 ad
257 2306 705 2380 suscipiendam
749 2313 813 2363 et
858 2308 934 2365 ad
979 2308 1438 2383 ingrediendam
1467 2308 1762 2364 rationem
1796 2306 1897 2364 ho-

127 2403 262 2443 rum
315 2385 655 2442 studiorum
699 2387 1025 2444 exstitisse.
1113 2388 1290 2460 Quod
1336 2388 1389 2443 si
1435 2385 1582 2443 haec
1618 2405 1753 2455 vox,
1786 2387 1892 2442 hu·

136 2466 244 2538 jus
277 2464 525 2521 hortatu
552 2466 1002 2540 praeceptisque
1037 2467 1427 2534 conformata,
1458 2466 1765 2522 nonnullis
1795 2465 1895 2520 ali-

130 2545 377 2619 quando
424 2543 609 2600 saluti
637 2544 768 2613 fuit,
800 2562 838 2601 a
866 2562 984 2619 quo
1032 2546 1091 2601 id
1130 2547 1472 2619 accepimus
1518 2563 1636 2618 quo
1679 2543 1893 2601 ceteris
1926 2546 1997 2602 15

128 2622 420 2697 opitulari
463 2628 528 2678 et
572 2622 725 2679 alios
777 2640 1016 2680 servare
1064 2641 1399 2698 possemuS‚
1448 2623 1586 2680 huic
1625 2625 1892 2698 profecto

130 2701 278 2774 ipsi,
298 2706 591 2776 quantum
619 2707 717 2758 est
744 2703 929 2759 situm
957 2703 1021 2759 in
1047 2703 1239 2772 nobis,
1259 2710 1321 2759 et
1344 2720 1517 2777 opem
1546 2708 1608 2759 et
1637 2703 1895 2759 salutem

128 2779 294 2837 ferre
336 2780 641 2837 debemus.
725 2780 821 2837 Ac
867 2799 940 2838 ne
988 2782 1126 2855 quis
1172 2800 1209 2838 a
1252 2782 1425 2838 nobis
1484 2780 1594 2838 hoc
1647 2783 1736 2838 ita
1777 2780 1893 2837 'dici

131 2860 295 2915 forte
323 2860 591 2928 miretur,
623 2860 784 2934 quod
815 2861 935 2916 alia
964 2861 1261 2935 quaedam
1291 2861 1352 2916 in
1384 2860 1495 2917 hoc
1525 2861 1782 2916 facultas
1814 2859 1894 2915 sit

132 2938 368 3011 ingenii
417 2956 611 3013 neque
659 2938 807 2996 haec
837 2940 1070 2996 dicendi
1116 2939 1271 2996 ratio
1315 2946 1422 2996 aut
1455 2939 1788 3012 disciplina,
1821 2956 1894 2995 ne
1926 2939 2001 2994 20

130 3033 259 3072 nos
285 3018 522 3091 quidem
568 3016 709 3074 huic
738 3019 843 3074 uni
874 3019 1076 3076 studio
1118 3019 1359 3092 penitus
1391 3036 1673 3090 umquam
1704 3018 1895 3074 dediti

134 3094 400 3153 fuimus:
442 3096 667 3153 etenim
697 3114 906 3153 omnes
938 3103 1115 3166 arteS‚
1147 3115 1302 3171 quae
1335 3097 1410 3153 ad
1454 3096 1895 3152 humanitatem

130 3174 460 3252 pertinent,
511 3174 739 3232 habent
782 3176 1087 3250 quoddam
1130 3193 1444 3231 commune
1489 3175 1791 3230 vinculum
1832 3177 1896 3227 et

130 3253 321 3330 qnasi
350 3254 713 3328 cognatione
741 3255 1006 3328 quadam
1035 3255 1194 3309 inter
1222 3271 1285 3309 se
1316 3253 1710 3309 continentur.

226 3327 281 3390 2.
324 3329 443 3391 Sed
471 3350 547 3390 ne
576 3333 673 3393 cui
697 3340 969 3389 vestrum
996 3332 1217 3388 mirum
1247 3347 1379 3386 esse
1404 3329 1799 3442 videaturssrlne
1827 3321 1892 3377 in
1925 3321 1998 3376 25
