2284 3717
247 145 374 213 158
765 163 840 209 M.
878 161 1136 209 runnu
1186 162 1584 210 ommnoms

349 336 536 388 sacra,
568 318 668 393 qui
697 318 1109 389 caerimonias,
1134 318 1237 394 qui
1262 318 1531 394 auspicia
1557 323 1619 375 et
1649 317 1766 394 ipsi
1799 321 2118 378 sanctissi-

347 416 441 455 me
472 398 785 454 coluerunt
812 406 873 455 et
902 399 1094 469 nobiS,
1127 399 1256 455 suis
1283 398 1560 472 posteris,
1591 399 2007 471 prodiderunt.

426 481 516 535 31.
565 477 696 547 Est,
727 489 822 535 est
850 478 1116 552 profecto
1159 479 1263 534 illa
1293 479 1403 548 vis,
1437 496 1629 552 neque
1658 480 1720 534 in
1761 479 1858 536 his
1902 498 2117 554 corpo-

347 558 514 614 ribus
557 564 735 632 atque
778 559 838 615 in
882 558 993 614 hac
1034 558 1445 615 imbecillitate
1491 563 1701 613 nostra
1742 558 1907 615 inest
1936 561 2115 633 quid-

280 635 316 694 5
346 637 486 693 dam
516 638 676 711 quod
702 638 906 710 vigeat
926 643 989 693 et
1012 639 1254 705 sentiat,
1279 645 1341 694 et
1362 655 1481 693 non
1510 637 1670 693 inest
1693 638 1754 694 in
1786 637 1900 696 hoc
1929 645 2109 696 tanto

348 725 600 773 naturae
629 726 757 772 tam
784 716 1089 790 praeclaro
1132 724 1337 789 motu3
1383 717 1499 772 nisi
1531 717 1682 772 forte
1727 717 1951 774 idcirco
1983 736 2113 775 non

344 803 580 870 putant,
607 797 748 871 quia
779 813 894 852 non
929 804 1180 871 apparet
1202 813 1309 852 nec
1339 796 1618 864 cernitur,
1642 797 1896 870 proinde
1928 798 2114 873 quasi

347 885 616 933 nostram
662 877 855 948 ipsam
885 885 1165 944 mentem,
1198 894 1316 950 qua
1346 876 1632 949 sapimuS,
1665 894 1786 950 qua
1828 878 2118 949 provide-

347 973 499 1024 muS,
533 955 840 1030 qua-haec
884 955 1016 1030 ipsa
1059 956 1301 1029 agimus
1330 973 1398 1011 ac
1440 955 1715 1024 dicimus,
1752 955 1957 1013 videre
2005 961 2120 1013 aut

243 1034 316 1090 10
344 1035 520 1109 plane
563 1034 760 1109 qualis
803 1042 909 1090 aut
952 1035 1054 1090 ubi
1096 1036 1179 1091 sit
1214 1035 1434 1090 sentire
1476 1035 1795 1107 possimus.
1885 1035 1984 1092 Ea
2013 1037 2118 1093 vis

345 1115 534 1188 igitur
561 1115 709 1188 ipsa,
742 1131 895 1188 quae
939 1131 1117 1188 saepe
1163 1114 1547 1170 incredibiles
1592 1114 1732 1171 huic
1763 1114 1895 1170 urbi
1928 1116 2122 1172 felici-

345 1199 506 1250 tates
552 1202 732 1268 atque
776 1210 920 1268 opes
964 1193 1186 1262 attulit,
1229 1194 1396 1250 illam
1447 1193 1766 1268 perniciem
1810 1196 2116 1251 exstinxit

346 1290 414 1329 ac
438 1273 702 1342 sustulit,
729 1273 823 1328 cui
851 1272 1111 1347 primum
1136 1278 1400 1329 mentem
1429 1272 1648 1346 injecit,
1675 1279 1744 1329 ut
1767 1273 1829 1330 vi
1863 1272 2113 1330 irritare

346 1352 621 1427 ferroque
650 1352 941 1409 lacessere
971 1353 1370 1409 fortissimum
1400 1352 1594 1407 virum
1632 1352 1882 1409 auderet
1911 1353 2115 1410 vince-

244 1431 314 1488 15
345 1439 625 1506 returque
658 1432 733 1487 ab
761 1449 849 1501 ec,
876 1431 1053 1506 quem
1081 1432 1135 1488 si
1166 1431 1428 1500 vicisset,
1462 1431 1775 1488 habiturus
1803 1438 1971 1489 esset
1998 1433 2112 1489 im-

343 1512 685 1586 punitatem
713 1518 774 1567 et
814 1511 1116 1568 licentiam
1164 1511 1608 1585 sempiternam.
1694 1510 1752 1566 N
1757 1529 1834 1567 on
1871 1519 1969 1568 est
2000 1512 2112 1568 hu-

346 1608 526 1647 mano
557 1590 821 1660 consiliO,
854 1608 926 1647 ne
958 1591 1244 1647 mediocri
1280 1590 1540 1665 quidem,
1563 1589 1817 1663 judiceS,
1851 1591 2106 1648 deorum

344 1669 776 1727 immortalium
819 1687 961 1726 cura
1003 1687 1097 1726 res
1143 1670 1247 1726 illa
1288 1669 1585 1743 perfecta:
1635 1670 1961 1743 religiones
2007 1688 2105 1726 me

347 1748 584 1806 hercule
627 1750 811 1822 ipsae,
856 1767 1008 1825 quae
1052 1750 1220 1805 illam
1262 1749 1499 1804 beluam
1544 1749 1753 1805 cadere
1799 1749 2104 1820 viderunt,

242 1827 316 1884 20
347 1829 745 1886 commovisse
795 1845 859 1885 se
903 1829 1186 1886 videntur
1227 1834 1288 1885 et
1328 1830 1431 1901 jus
1476 1828 1538 1883 iu
1582 1828 1684 1884 illo
1743 1846 1922 1885 suum
1966 1830 2112 1885 reti-

348 1908 570 1965 nuisse.
657 1907 788 1964 Vos
825 1908 984 1964 enim
1024 1910 1170 1982 jam,
1206 1908 1445 1976 Albani,
1478 1907 1696 1964 tumuli
1740 1916 1921 1983 atque
1965 1909 2107 1980 luci,

346 2005 475 2058 voS,
507 1989 768 2062 inquam,
799 1988 1055 2062 imploro
1102 1995 1282 2062 atque
1313 1987 1601 2056 obtestor,
1637 2005 1884 2062 vosque,
1920 1988 2110 2045 Alba-

349 2084 561 2124 norum
586 2068 835 2123 obrutae
861 2085 1015 2137 arae,
1039 2084 1342 2124 sacrorum
1366 2066 1571 2141 populi
1604 2067 1869 2123 Romani
1901 2068 2107 2125 sociae

347 2153 409 2203 et
438 2147 738 2221 aequalem,
771 2164 921 2221 quas
957 2147 1055 2203 ille
1085 2163 1369 2222 praeceps
1414 2146 1674 2202 amentia
1703 2147 1896 2204 caesis
1938 2163 2107 2221 pros·

242 2226 315 2282 25
346 2227 637 2300 tratisque
683 2226 1085 2283 sanctissimis
1127 2226 1280 2282 lucis
1322 2225 1837 2282 substructionum
1869 2226 2103 2283 insanis

345 2306 605 2362 molibus
656 2312 1067 2381 oppresserat3
1125 2312 1366 2361 vestrae
1412 2310 1541 2361 tum
1589 2303 1812 2381 [arae]‚
1858 2312 2106 2362 vestrae

347 2385 667 2459 religiones
719 2385 1058 2459 viguerunt,
1107 2391 1312 2441 vestra
1358 2384 1454 2441 vis
1505 2384 1714 2452 valuit,
1760 2401 1943 2459 quam
1999 2385 2105 2442 ille

348 2465 509 2521 omni
551 2465 771 2521 scelere
814 2465 1142 2540 polluerat;
1184 2470 1370 2538 tuque
1411 2480 1486 2519 ex
1523 2468 1628 2519 tuo
1669 2463 1833 2520 edito
1874 2471 2103 2534 monte,

350 2543 618 2600 Latiaris
660 2551 864 2600 sancte
920 2543 962 2601 J
969 2544 1221 2617 uppiter,
1267 2544 1434 2616 cujus
1482 2542 1583 2599 ille
1625 2542 1809 2612 lacuS,
1852 2560 2107 2600 nemora

245 2624 318 2679 30
350 2622 611 2698 finesque
655 2640 830 2696 saepe
862 2624 1026 2679 omni
1061 2622 1286 2678 nefario
1318 2628 1523 2695 stupro
1552 2626 1615 2678 et
1644 2622 1864 2678 scelere
1905 2640 2109 2680 macu-

351 2701 521 2770 larat,
548 2701 867 2776 aliquando
892 2702 966 2757 ad
997 2720 1132 2758 eum
1157 2701 1524 2776 puniendum
1549 2700 1753 2757 oculos
1783 2702 2106 2776 aperuisti:

351 2781 523 2837 vobis
577 2781 734 2850 illae,
787 2781 962 2838 vobis
1012 2787 1219 2838 vestro
1272 2780 1332 2836 in
1383 2785 1709 2853 conspectu
1758 2797 1946 2850 serae,
2000 2781 2110 2839 sed

343 2860 547 2932 justae
590 2867 792 2917 tamen
836 2866 898 2917 et
936 2860 1176 2916 debitae
1218 2877 1447 2934 poenae
1490 2859 1724 2915 solutae
1766 2867 1944 2917 sunt:
1990 2861 2112 2917 nisi

354 2939 505 2995 forte
551 2939 662 2995 hoc
704 2940 887 2995 etiam
920 2957 1062 2995 casu
1091 2939 1319 2995 factum
1362 2955 1495 2995 esse
1538 2939 1823 3008 dicemuS,
1857 2945 1926 2994 ut
1970 2946 2114 2997 ante

250 3020 322 3076 35
352 3018 552 3090 ipsum
584 3019 914 3073 sacrarium
946 3018 1153 3074 Bonae
1188 3018 1369 3087 Deae,
1403 3018 1562 3091 quod
1601 3023 1696 3073 est
1726 3017 1789 3073 in
1819 3018 2007 3074 fundo
2042 3019 2108 3076 Τ.

356 3096 545 3169 Sergii
581 3097 756 3164 Galli,
784 3097 846 3152 in
874 3097 1082 3169 primis
1114 3097 1353 3153 honesti
1378 3103 1438 3152 et
1462 3097 1657 3153 ornati
1688 3097 2111 3170 adolescentiS,

355 3181 495 3228 ante
540 3174 749 3245 ipsam,
796 3175 1063 3245 inquam,
1109 3176 1344 3230 Bonam
1391 3175 1604 3245 Deam,
1638 3193 1774 3231 cum
1814 3177 2113 3250 proelium

354 3250 770 3318 commisisset,
829 3251 1091 3321 primum
1147 3252 1297 3308 illud
1354 3253 1575 3310 vulnus
1634 3255 1944 3329 acciperet,
1991 3273 2114 3331 quo

355 3326 764 3380 taeterrimam
793 3330 1047 3383 mortem
1071 3329 1282 3400 obiret,
1305 3336 1375 3387 ut
1398 3348 1519 3387 non
1549 3333 1866 3390 absolutus
1881 3334 2115 3407 judicio
