2284 3717
561 104 646 150 IN
697 104 761 150 L.
796 103 1221 150 0A¹r1mNAM
1272 104 1547 156 ORATIO
1598 104 1679 151 11.
1970 90 2051 151 33

170 267 235 319 et
260 262 624 319 melioribus
655 261 890 318 civibus
918 266 1239 318 uteremur.
1306 260 1424 319 Sed
1459 261 1636 319 hosce
1668 260 1945 318 homines

177 343 427 399 minime
477 347 632 417 puto
681 341 1207 416 pertimescendos
1255 342 1415 415 quod
1467 349 1572 398 aut
1613 341 1826 398 deduci
1872 341 1944 398 de

178 422 487 478 sententia
516 427 778 496 possunt
815 429 938 489 aut,
969 421 1022 477 si
1061 421 1515 495 permanebunt,
1550 422 1749 495 magis
1793 420 1945 477 mihi

183 502 463 558 videntur
507 506 656 557 vota
707 501 923 557 facturi
971 508 1182 557 contra
1230 517 1357 556 rem
1415 501 1718 575 publicam
1761 518 1943 575 quam

180 598 349 637 arma
377 581 581 637 laturi.
2011 582 2047 639 5

272 663 320 718 9.
379 660 669 717 Alterum
727 676 918 734 genus
976 665 1071 716 est
1112 677 1351 729 -eorum,
1403 660 1522 734 qui,
1577 671 1942 734 quamquam

179 746 538 813 premuntur
602 756 733 795 aere
794 739 1007 808 alieno,
1060 739 1534 796 dominationem
1590 747 1793 795 tamen
1850 757 1944 796 ex-

179 825 476 892 spectant,
507 836 711 875 rerum
750 819 930 892 potiri
972 818 1199 888 volunt,
1234 819 1507 886 bonore-S,
1541 836 1692 893 quos
1737 820 1942 893 quieta

177 915 242 954 re
285 897 534 971 publica
563 899 903 973 desperant,
935 899 1286 972 perturbata
1329 917 1392 954 se
1432 899 1717 972 consequi
1763 917 1939 973 posse

178 978 573 1035 arbitrantur.
679 978 914 1050 Quibus
973 978 1085 1034 hoc
1138 978 1630 1052 praecipiendum
1681 978 1938 1048 videtur,
1975 980 2047 1037 10

176 1074 371 1113 111111111
426 1058 660 1115 scilicet
703 1062 766 1114 et
821 1058 980 1115 idem
1023 1059 1186 1132 quod
1231 1058 1475 1133 reliquis
1533 1058 1828 1127 omnibus,
1876 1063 1941 1115 ut

176 1136 509 1211 desperent
564 1137 642 1207 id,
691 1136 851 1212 quod
907 1143 1219 1205 conantur,
1267 1155 1330 1193 se
1386 1137 1673 1211 consequi
1726 1154 1938 1213 posse:

176 1216 444 1290 primum
492 1217 759 1273 omnium
803 1235 897 1273 me
934 1217 1133 1291 ipsum
1180 1217 1451 1290 vigilare,
1486 1217 1714 1287 adesse,
1744 1217 1942 1291 provi-

175 1296 325 1352 dere
372 1297 455 1352 rei
499 1297 811 1371 publicae3
855 1297 1072 1352 deinde
1119 1314 1377 1369 magnos
1425 1296 1658 1353 animos
1700 1314 1833 1353 esse
1879 1295 1941 1352 in

175 1374 357 1431 bonis
388 1376 553 1445 viriS,
584 1392 869 1449 magnam
914 1376 1296 1432 concordiam
1339 1377 1398 1431 in
1442 1377 1708 1431 maxima
1747 1375 1943 1432 multi·
1977 1377 2047 1432 15

174 1454 414 1523 tudine,
472 1473 733 1529 magnas
795 1463 1103 1529 praeterea
1163 1456 1369 1530 copias
1430 1455 1726 1527 militum3
1795 1455 1943 1512 deos

176 1533 446 1608 denique
489 1534 863 1591 immortales
899 1534 1036 1591 huic
1068 1534 1293 1591 invicto
1337 1535 1576 1608 popuIO,
1607 1535 1942 1591 clarissimo

175 1614 456 1688 imperio,
470 1613 906 1689 pulcherrimae
927 1614 1054 1670 urbi
1075 1620 1286 1671 contra
1302 1620 1536 1671 tantam
1556 1615 1678 1671 vim
1699 1614 1943 1671 sceleris

174 1699 538 1768 praesentes
568 1694 857 1750 auxilium
886 1711 1018 1750 esse
1048 1693 1292 1749 laturos.
1383 1694 1557 1765 Quod
1590 1694 1640 1750 si
1663 1695 1788 1767 jam
1822 1693 1942 1749 sint

174 1773 259 1840 id,
303 1773 470 1847 quod
516 1790 653 1829 cum
699 1791 936 1829 summo
981 1773 1176 1829 furore
1221 1773 1487 1847 cupiunt,
1537 1774 1758 1848 adepti,
1799 1790 1940 1829 num
1974 1772 2047 1827 20

174 1852 267 1909 illi
299 1853 363 1908 in
385 1852 583 1909 cinere
606 1853 772 1909 urbis
798 1853 946 1910 etin
976 1853 1274 1926 sanguine
1298 1852 1537 1922 civium,
1557 1871 1711 1927 quae
1744 1857 1944 1908 mente

175 1932 597 1989 conscelerata
625 1949 694 1989 ac
716 1932 944 1988 nefaria
967 1932 1455 2005 concupiverunt,
1483 1950 1544 1988 se
1570 1932 1845 1989 consules
1877 1949 1945 1988 ac

173 2012 514 2068 dictatores
559 2018 666 2067 aut
705 2011 891 2067 etiam
935 2028 1111 2085 reges
1156 2019 1403 2085 sperant
1441 2009 1720 2068 futuros?
1805 2011 1861 2067 N
1868 2029 1946 2067 on

175 2091 398 2148 vident
444 2091 506 2147 id
553 2109 617 2147 se
660 2108 892 2165 cupere,
938 2092 1097 2165 quod
1146 2091 1197 2146 si
1248 2091 1453 2164 adepti
1499 2092 1637 2160 sint,
1686 2091 1945 2164 fugitivo

174 2171 365 2228 alicui
413 2177 522 2227 aut
549 2171 869 2243 gladiatori
899 2169 1143 2226 concedi
1184 2170 1264 2227 sit
1304 2170 1584 2229 necesse?
1672 2170 1942 2227 Tertium
1977 2168 2050 2224 25

171 2268 381 2325 genus
425 2257 524 2306 est
553 2256 751 2307 aetate
785 2252 911 2323 jam
943 2250 1239 2319 affectum,
1272 2251 1378 2307 sed
1420 2257 1623 2306 tamen
1664 2251 1945 2307 exercita·

170 2331 352 2387 tione
382 2330 716 2399 robustum,
747 2347 867 2404 quo
895 2347 971 2385 ex
1000 2347 1218 2403 genere
1259 2330 1373 2387 iste
1401 2337 1497 2386 est
1525 2330 1812 2399 Manlius
1843 2329 1942 2386 cui

171 2427 347 2467 nunc
373 2408 641 2467 Catilina
662 2410 965 2466 succedit:
1006 2416 1149 2465 sunt
1174 2409 1445 2465 homines
1467 2427 1543 2466 ex
1563 2409 1653 2465 eis
1675 2409 1943 2479 coloniiS‚

168 2506 337 2564 quas
389 2488 564 2545 Sulla
603 2488 954 2560 constituit3
1010 2507 1164 2562 quas
1204 2507 1319 2563 ego
1363 2490 1679 2545 universas
1720 2489 1946 2545 civium

165 2587 319 2627 esse
342 2568 716 2643 optimorum
737 2574 800 2624 et
823 2568 1282 2624 fortissimorum
1307 2569 1567 2625 virorum
1601 2569 1811 2636 sentiO,
1840 2569 1946 2625 sed
1978 2565 2051 2620 30

167 2657 395 2707 tamen
418 2648 463 2703 ii
489 2652 632 2704 sunt
651 2647 861 2715 coloni,
883 2648 983 2722 qui
1009 2666 1071 2703 se
1096 2648 1157 2703 in
1183 2648 1506 2722 insperatis
1531 2666 1598 2704 ac
1618 2647 1947 2722 repentinis

166 2728 463 2807 pecuniis
496 2727 911 2800 sumptuosius
942 2727 1418 2801 insolentiusque
1448 2729 1773 2801 jactarunt.
1862 2727 1947 2784 Hi

166 2812 331 2867 dum
367 2805 689 2863 aedificant
716 2812 1024 2880 tamquam
1055 2807 1235 2875 beati,
1269 2808 1411 2862 dum
1454 2807 1716 2881 praediis
1758 2807 1946 2875 lectiS‚

169 2887 437 2946 familiis
483 2885 740 2959 magnis,
771 2886 1068 2942 conviviis
1112 2887 1421 2960 apparatis
1464 2886 1855 2955 delectantur,
1887 2885 1948 2941 in

168 2973 431 3027 tantum
489 2970 599 3021 aes'
648 2964 912 3021 alienum
969 2965 1323 3030 inciderunt,
1368 2971 1452 3034 ut,
1498 2965 1549 3020 si
1607 2966 1760 3021 salvi
1815 2982 1947 3021 esse
1978 2959 2052 3015 35

170 3048 400 3113 velint,
431 3043 606 3101 Sulla
635 3045 713 3099 sit
734 3045 822 3100 eis
852 3045 930 3099 ab
960 3045 1170 3100 inferis
1198 3045 1586 3101 excitandus:
1629 3045 1734 3118 qui
1764 3045 1949 3099 etiam

170 3125 518 3187 nonnullos
564 3129 850 3196 agresteS,
884 3123 1158 3179 homines
1201 3129 1414 3180 tenues
1459 3131 1635 3197 atque
1679 3128 1949 3195 egentes,

168 3210 234 3266 in
267 3204 543 3264 eandem
588 3203 756 3259 illam
801 3220 967 3277 spem
1010 3204 1357 3277 rapinarum
1395 3209 1665 3258 veterum
1708 3200 1955 3271 impule-

170 3293 353 3354 mut,
386 3301 540 3358 quos
578 3300 696 3356 ego
727 3287 1012 3357 utrosque
1058 3283 1120 3337 in
1150 3283 1359 3338 codem
1391 3297 1607 3353 genere
1641 3270 2076 3349 praedm?

471 3370 504 3417 3
530 3369 640 3420 cic.
1087 3371 1098 3383 ’
