2284 3717
274 153 399 216 132
795 170 869 216 M.
916 169 1177 217 ‘runnu
1228 169 1629 217 CICERONIS

376 324 535 382 hunc
563 344 749 383 unum
790 331 855 383 et
891 326 1450 402 praestantissimus
1481 327 1605 383 dux
1641 325 1873 383 electus
1915 332 1980 386 et
2007 333 2127 388 tota

377 422 471 462 res
528 405 769 479 publica
821 412 1053 462 armata
1101 413 1208 463 est.
1300 406 1418 464 Sed
1473 406 1608 482 quis
1664 424 1786 463 non
1842 406 2126 482 intelligit

376 502 585 542 omnes
627 486 738 543 tibi
780 486 866 543 rei
908 486 1187 560 publicae
1229 492 1433 560 partes
1477 503 1691 559 aegras
1729 491 1793 543 et
1833 485 2121 557 labanteS,

377 571 446 620 ut
486 583 590 621 eas
635 565 729 622 his
773 566 959 621 armis
1001 583 1249 621 sanares
1291 573 1353 622 et
1380 565 1777 635 confirmareS,
1809 583 1947 622 esse
1979 584 2123 622 com-

309 643 343 699 5
375 643 639 701 missas?
727 645 902 717 Quod
959 645 1010 700 si
1054 646 1220 701 locus
1277 644 1498 701 Miloni
1541 645 1720 701 datus
1774 651 1957 714 esset,
2002 664 2123 720 pro-

375 722 583 780 basset
623 725 890 799 profecto
932 724 1043 781 tibi
1084 724 1220 800 ipsi,
1266 725 1564 781 nominem
1609 742 1899 798 umquam
1947 724 2123 781 homi-

374 819 510 858 nem
554 802 780 860 homini
824 804 1112 860 cariorem
1156 803 1341 860 fuisse
1373 822 1553 879 quam
1596 810 1654 860 te
1695 804 1850 877 sibi;
1896 804 2122 861 nullum

372 898 436 937 se
494 899 779 957 umquam
827 882 1159 956 periculum
1214 900 1321 956 pro
1370 890 1479 944 tua
1526 883 1823 957 dignita-te
1874 883 2118 957 fugisse,

373 978 506 1017 cum
537 961 669 1036 ipsa
698 962 802 1018 illa
823 963 1171 1019 taeterrima
1194 968 1363 1035 peste
1394 980 1458 1019 se
1488 962 1845 1037 saepissime
1877 980 1988 1036 pro
2019 970 2119 1019 tua

271 1042 342 1099 10
374 1040 570 1113 gloria
613 1041 1035 1115 contendisse3
1091 1043 1467 1099 tribunatum
1520 1060 1697 1099 suum
1740 1042 1816 1098 ad
1862 1041 2121 1099 salutem

373 1137 588 1190 meam,
641 1139 792 1195 quae
847 1121 958 1178 tibi
1016 1122 1330 1178 carissima
1383 1122 1613 1190 fuisset,
1673 1121 1948 1178 consiliis
2003 1122 2121 1179 tuis

371 1200 806 1274 gubernatum3
857 1218 921 1257 se
965 1219 1001 1257 a
1042 1207 1103 1257 te
1148 1206 1366 1275 postea
1401 1200 1713 1257 defensum
1758 1201 1820 1257 in
1860 1200 2122 1275 periculo

371 1280 606 1354 capitiS,
653 1244 925 1354 adju’tum
970 1280 1034 1336 in
1088 1280 1381 1355 petitione
1439 1285 1791 1354 praeturae3
1847 1280 2005 1337 duos
2060 1298 2122 1337 se

372 1358 588 1415 habere
635 1376 871 1433 semper
911 1360 1311 1417 amicissimos
1360 1376 1656 1434 sperasse,
1701 1366 1760 1415 te
1802 1365 1910 1416 tuo
1952 1360 2126 1416 bene-

270 1438 340 1495 15
371 1438 519 1508 ficio,
551 1456 647 1494 me
690 1455 816 1495 suo,
903 1439 1072 1512 Quae
1116 1439 1168 1496 si
1202 1456 1321 1495 non
1349 1439 1647 1514 probaret,
1680 1439 1732 1495 si
1761 1438 1873 1495 tibi
1916 1439 2006 1496 ita
2030 1458 2124 1514 pe-

370 1518 538 1575 nitus
578 1517 946 1575 inhaesisset
982 1518 1105 1575 ista
1134 1518 1412 1593 suspici0‚
1446 1518 1609 1575 nullo
1639 1523 1707 1574 ut
1735 1517 1916 1574 evelli
1944 1519 2123 1575 modo

371 1602 594 1671 posset,
631 1597 683 1653 si
725 1598 981 1672 denique
1025 1598 1207 1655 Italia
1249 1616 1284 1653 a
1324 1597 1577 1668 delectu,
1618 1597 1763 1653 urbs
1820 1598 1896 1654 ab
1944 1599 2124 1655 armis

372 1676 500 1733 sine
532 1677 782 1733 Milonis
811 1678 978 1734 clade
1008 1694 1335 1752 numquam
1377 1683 1540 1734 esset
1567 1677 1980 1750 conquietura,
2012 1695 2125 1734 nae

372 1755 471 1812 ille
515 1755 677 1812 haud
706 1756 993 1813 dubitans
1028 1758 1312 1814 cessisset
1352 1757 1565 1831 patria,
1597 1756 1650 1812 is
1679 1755 1781 1830 qui
1825 1756 1916 1813 ita
1944 1762 2127 1813 natus

267 1835 341 1891 20
370 1841 464 1892 est
493 1841 555 1892 et
583 1836 670 1892 ita
697 1837 1044 1909 consuevit3
1086 1843 1167 1908 te,
1192 1835 1437 1911 Magne,
1462 1841 1668 1893 tamen
1699 1841 2124 1907 antestaretur,

372 1916 531 1989 quod
563 1933 719 1972 nunc
744 1916 925 1972 etiam
958 1916 1114 1972 facit.

453 1997 544 2052 26.
589 1994 748 2051 Vide
791 2013 974 2069 quam
1017 1995 1099 2052 sit
1140 1994 1312 2051 varia
1354 1993 1513 2050 vitae
1556 1994 2127 2068 commutabilisque

368 2074 540 2143 ratio,
574 2092 754 2149 qua-m
785 2092 945 2148 vaga
983 2073 1375 2148 volubilisque
1417 2073 1677 2142 fortuna,
1710 2079 1975 2148 quantae
2007 2074 2131 2131 infi-

372 2152 651 2211 delitates
694 2154 754 2209 in
790 2153 1016 2224 amicis,
1046 2171 1226 2228 quam
1258 2153 1332 2210 ad
1376 2158 1616 2227 tempus
1661 2158 1839 2227 aptae
1884 2153 2131 2211 simula-

265 2233 340 2290 25
370 2232 582 2298 tiones,
641 2240 901 2307 quantae
969 2233 1030 2289 in
1097 2232 1381 2306 periculis
1445 2232 1623 2305 fugae
1697 2232 2126 2307 proximorum,

370 2319 631 2386 quantae
655 2312 1032 2369 timiditates,
1094 2312 1247 2382 Erit,
1269 2313 1383 2369 erit
1412 2311 1560 2367 illud
1591 2311 1860 2384 profecto
1883 2318 2129 2387 tempus

370 2397 432 2447 et
460 2392 766 2448 illucescet
795 2391 1115 2467 aliquando
1159 2391 1259 2447 ille
1288 2391 1436 2460 dies,
1467 2408 1603 2447 cum
1632 2395 1700 2446 tu
1731 2391 2126 2460 salutaribuS,

371 2477 439 2527 ut
469 2489 661 2544 spem,
695 2472 874 2528 rebus
916 2471 1057 2542 tuiS,
1091 2471 1195 2528 sed
1232 2470 1486 2545 fortasse
1531 2476 1696 2526 motu
1739 2470 1943 2545 aliquo
1974 2489 2132 2528 com·

370 2550 643 2606 munium
673 2556 1025 2626 temporum,
1056 2550 1157 2625 qui
1189 2568 1366 2625 quam
1392 2549 1595 2606 crebro
1627 2549 1862 2607 accidat
1892 2550 2130 2624 experti

265 2630 342 2686 30
373 2630 519 2686 scire
552 2631 856 2699 debemus,
888 2636 950 2686 et
992 2630 1336 2687 amicissimi
1381 2628 1863 2685 benevolentiam
1906 2636 1971 2687 et
1999 2647 2132 2703 gra-

372 2709 604 2765 vissimi
639 2709 899 2766 hominis
930 2709 1101 2766 fidem
1132 2715 1196 2765 et
1224 2709 1402 2764 unius
1445 2713 1584 2782 post
1627 2707 1904 2764 homines
1949 2716 2130 2765 natos

371 2788 686 2845 fortissimi
708 2789 818 2844 viri
838 2788 1316 2861 magnitudinem
1342 2786 1523 2843 animi
1544 2787 1866 2844 desideres,
1908 2789 2132 2860 Quam·

374 2887 555 2942 quam
585 2868 720 2941 quis
750 2867 862 2924 hoc
892 2868 1110 2936 credat,
1146 2868 1254 2925 On.
1288 2866 1659 2941 Pompeium,
1682 2867 1839 2939 juris
1880 2867 2128 2942 publici,

374 2948 558 3004 moris
602 2948 909 3018 majorum,
942 2947 1026 3003 rei
1056 2947 1309 3021 denique
1352 2945 1625 3020 publicae
1667 2946 2127 3021 peritissimum,

269 3030 341 3085 35
374 3045 509 3083 cum
548 3035 793 3082 senatus
837 3026 891 3081 ei
938 3027 1304 3083 commiserit
1347 3031 1416 3081 ut
1459 3025 1689 3081 videret
1731 3043 1804 3082 ne
1837 3026 1986 3099 quid
2032 3043 2130 3082 res

373 3106 612 3180 publica
647 3105 992 3160 detrimenti
1035 3112 1289 3179 caperet,
1321 3122 1440 3179 quo
1482 3099 1601 3159 uno
1632 3106 1930 3162 versiculo
1976 3106 2131 3161 satis

376 3184 591 3238 armati
635 3200 871 3254 semper
912 3184 1188 3240 consules
1230 3184 1473 3240 fuerunt
1500 3184 1685 3239 etiam
1716 3184 1902 3241 nullis
1944 3185 2133 3241 armis

374 3261 552 3326 datis,
581 3260 737 3315 hunc
765 3260 1046 3326 exercitu,
1072 3262 1230 3318 hunc
1260 3262 1495 3318 delectu
1523 3262 1681 3333 datO,
1705 3264 2007 3336 judicium
2037 3280 2135 3321 ex-

377 3345 787 3408 spectaturum
818 3337 1004 3393 fuisse
1047 3339 1108 3395 in
1136 3341 1265 3411 ejus
1295 3341 1561 3397 consili’s
1593 3342 1995 3414 vindicandis,
2029 3342 2135 3419 qui
