2284 3717
653 190 736 238 IN
789 191 847 238 ο.
898 190 1214 239 VERREM
1266 189 1487 243 Aemo
1542 190 1592 237 1.
1911 174 2033 239 201

196 361 491 406 remanere
523 349 726 419 debet,
758 347 1068 420 haerebit3
1113 346 1208 404 sin
1251 345 1431 405 istius
1472 347 1752 422 ingentes
1782 346 1935 404 divi-

196 427 308 484 tiae
318 429 688 501 judiciorum
703 428 1050 502 religionem
1066 428 1503 502 veritatemque
1518 427 1931 502 perfregerint,

198 524 300 579 ego
332 509 440 566 hoc
468 516 686 566 tamen
716 508 1028 582 adsequar,
1061 512 1129 562 ut
1158 507 1452 581 Judicium
1481 507 1687 582 potius
1717 508 1798 564 rei
1831 524 1936 581 pu-

200 585 375 644 blicae
417 607 605 664 quam
652 598 757 644 aut
799 605 940 644 reus
979 586 1286 660 judicibus
1331 592 1438 645 aut
1482 593 1797 644 accusator
1834 603 1935 644 reo

199 665 447 725 defuisse
479 669 777 725 videatur.
2004 676 2040 732 5

272 749 318 803 2.
352 748 656 822 Equidem
693 752 757 802 ut
787 746 859 802 de
889 763 984 802 me
1016 745 1314 816 confitear,
1336 746 1587 820 judiceS,
1619 764 1757 803 cum
1787 746 1936 802 mul-

198 829 286 881 tae
329 828 480 883 mihi
525 846 562 883 a
606 826 672 884 O.
706 826 896 883 Verre
939 827 1199 882 insidiae
1240 831 1403 883 terra
1440 827 1708 901 marique
1740 828 1934 883 factae

198 905 326 973 sint,
358 924 515 981 quas
542 906 765 981 partim
808 923 943 962 mea
983 906 1301 979 diligentia
1342 906 1680 975 devitarim,
1711 906 1932 980 partim

199 985 522 1042 amicorum
582 985 782 1042 studio
826 985 1130 1060 officioque
1179 986 1560 1060 reppulerim,
1603 982 1933 1061 numquam

197 1069 390 1121 tamen
438 1083 636 1139 neque
690 1070 930 1121 tantum
978 1065 1310 1141 periculum
1361 1065 1509 1121 mihi
1557 1066 1721 1122 adire
1765 1066 1935 1122 visus
1969 1073 2041 1131 10

196 1159 321 1199 sum
369 1163 567 1219 neque
612 1150 786 1200 tanto
835 1161 1012 1219 opere
1058 1145 1362 1218 pertimui,
1394 1150 1463 1201 ut
1505 1163 1662 1201 nunc
1697 1145 1760 1202 in
1800 1146 1934 1219 ipso

200 1223 426 1295 judicio
455 1245 470 1297 3
514 1242 706 1299 neque
737 1230 975 1281 tantum
1005 1241 1099 1280 me
1129 1225 1499 1299 exspectatio
1530 1225 1935 1282 accusationis

195 1319 355 1360 meae
385 1321 832 1378 concursusque
863 1310 1070 1360 tantae
1100 1304 1527 1371 multitudinis,
1560 1305 1777 1379 quibus
1819 1322 1935 1378 ego

195 1382 365 1440 rebus
413 1383 946 1441 vehementissime
992 1384 1323 1457 perturbor,
1370 1390 1710 1440 commovet
1755 1402 1938 1458 quan-

194 1467 319 1518 tum
347 1463 530 1520 istius
560 1463 815 1520 insidiae
845 1462 1122 1534 nefariae,
1149 1481 1301 1537 quas
1323 1480 1445 1519 uno
1468 1469 1737 1537 tempore
1767 1463 1933 1532 mihi,
1969 1470 2041 1528 15

194 1543 385 1611 vobiS,
414 1541 529 1598 M.'
556 1542 887 1612 Glabrioni,
912 1542 1136 1616 populo
1169 1541 1465 1612 RomanO,
1492 1543 1687 1612 sociiS‚
1712 1543 1937 1600 exteris

194 1622 558 1691 nationibuS,
591 1623 803 1691 ordini,
837 1620 1067 1678 nomini
1098 1621 1353 1696 denique
1405 1623 1709 1679 senatorio
1743 1623 1937 1679 facere

194 1708 484 1759 conatur:
526 1702 628 1776 qui
670 1701 757 1759 ita
795 1702 1055 1771 dictitat,
1087 1702 1175 1757 eis
1217 1718 1351 1758 esse
1393 1703 1801 1772 metuendum,
1834 1701 1938 1777 qui

194 1782 348 1855 quod
382 1781 538 1855 ipsis
568 1781 715 1838 solis
745 1782 897 1838 satis
927 1787 1088 1838 esset
1117 1781 1564 1856 surripuissent,
1598 1798 1661 1838 se
1696 1786 1936 1837 tantum

194 1861 502 1935 enipuisse,
533 1867 602 1917 ut
630 1860 691 1917 id
722 1861 928 1918 multis
972 1860 1124 1917 satis
1167 1878 1298 1917 esse
1339 1862 1567 1935 possit3
1610 1860 1760 1917 nihil
1803 1879 1936 1918 esse
1967 1869 2043 1925 20

194 1944 315 1996 tam
362 1945 641 1996 sanctum
673 1941 833 2014 quod
862 1958 985 1997 non
1015 1940 1246 2010 violari,
1278 1939 1425 1997 nihil
1467 1947 1595 1997 tam
1638 1940 1938 1997 munitum

194 2021 353 2093 quod
386 2037 505 2076 non
536 2020 866 2094 expugnari
895 2020 1151 2095 pecunia
1178 2020 1388 2093 possit.
1479 2021 1653 2093 Quod
1679 2021 1730 2076 si
1754 2038 1937 2094 quam

196 2100 395 2156 audax
442 2103 538 2155 est
594 2099 664 2154 ad
720 2100 1077 2168 conandum,
1129 2103 1255 2155 tam
1313 2106 1474 2156 esset
1529 2100 1818 2156 obscurus
1873 2100 1937 2156 in

197 2179 452 2252 agendO,
500 2178 756 2234 fortasse
801 2179 1001 2252 aliqua
1042 2179 1105 2234 in
1147 2196 1209 2235 re
1254 2196 1365 2235 nos
1415 2179 1737 2253 aliquando
1781 2179 1938 2236 fefel-

194 2256 407 2330 lisset3
452 2275 656 2313 verum
705 2257 816 2315 hoc
861 2258 1057 2315 adhuc
1099 2259 1519 2331 percommode
1563 2259 1742 2328 cadit,
1776 2259 1935 2334 quod
1968 2266 2041 2322 25

195 2355 329 2394 cum
359 2337 697 2394 incredibili
726 2339 855 2410 ejus
885 2338 1139 2394 audacia
1170 2338 1498 2411 singularis
1529 2337 1787 2394 stultitia
1805 2357 1939 2396 con-

198 2417 413 2490 juncta
440 2421 550 2473 est.
638 2415 799 2473 Nam
840 2422 910 2474 ut
953 2423 1195 2493 apertus
1236 2417 1299 2472 in
1342 2418 1735 2491 corripiendis
1766 2437 1940 2492 pecu-

194 2496 312 2552 niis
355 2495 488 2564 fuit,
522 2496 610 2553 sic
651 2496 714 2552 in
757 2514 863 2571 spe
907 2496 1326 2571 corrumpendi
1362 2496 1580 2570 judicii
1620 2499 1940 2572 perspicua

197 2591 307 2632 sua
334 2574 592 2632 consilia
622 2582 991 2650 conatusque
1023 2576 1306 2632 omnibus
1337 2576 1512 2634 fecit:
1545 2577 1727 2632 semel
1760 2578 1844 2634 ait
1874 2595 1937 2634 se

195 2654 258 2710 in
278 2655 408 2711 vita
429 2654 829 2730 pertimuisse,
856 2661 985 2712 tum
1016 2672 1150 2710 cum
1180 2655 1440 2730 primum
1471 2673 1506 2712 a
1533 2674 1628 2712 me
1657 2674 1794 2713 reus
1824 2657 1940 2713 fac-
1968 2663 2043 2718 30

196 2738 295 2791 tus
325 2734 425 2804 sit,
458 2734 617 2808 quod
647 2752 781 2791 cum
812 2751 844 2791 e
872 2734 1186 2809 provincia
1227 2751 1434 2791 recens
1476 2741 1640 2792 esset
1683 2736 1939 2793 invidia-

199 2830 310 2886 que
353 2818 417 2869 et
455 2813 706 2870 infamia
747 2831 869 2870 non
910 2814 1152 2884 recenti,
1186 2814 1291 2870 sed
1321 2821 1520 2872 vetere
1553 2832 1623 2871 ac
1651 2815 1938 2872 diuturna

199 2891 496 2966 flagraret,
526 2897 658 2948 tum
703 2894 778 2950 ad
812 2893 1109 2967 judicium
1155 2894 1649 2967 corrumpendum
1696 2901 1938 2970 tempus

202 2971 458 3028 alienum
509 2971 847 3030 offenderet.
925 2973 1151 3047 Itaque
1200 2991 1334 3029 cum
1386 2991 1500 3047 ego
1543 2974 1702 3030 diem
1746 2974 1941 3049 inqui-

202 3052 365 3108 rendi
397 3051 457 3107 in
493 3050 761 3108 Siciliam
785 3052 1174 3125 perexiguam
1194 3051 1678 3127 postulavissem,
1704 3053 1938 3109 invenit
1968 3055 2039 3111 35

203 3129 312 3187 iste
341 3131 446 3206 qui
477 3131 596 3187 sibi
625 3131 686 3186 in
710 3130 1015 3189 Achaiam
1044 3130 1225 3188 biduo
1255 3131 1590 3188 breviorem
1620 3132 1774 3187 diem
1806 3149 1941 3222 pos·

202 3209 437 3280 tularet,
472 3226 594 3266 non
644 3216 714 3266 ut
751 3209 804 3266 is
849 3210 1007 3266 idem
1050 3209 1364 3267 conficeret
1407 3210 1724 3284 diligentia
1757 3216 1819 3266 et
1854 3211 1941 3265 in·

204 3287 433 3346 dustria
477 3305 606 3359 sua,
639 3289 799 3363 quod
839 3306 953 3380 ego
998 3306 1132 3345 meo
1179 3289 1381 3345 labore
1426 3294 1488 3344 et
1530 3287 1762 3359 vigiliis
1805 3304 1939 3342 con-

204 3374 441 3426 secutus
497 3385 666 3426 sum:
710 3368 932 3425 etenim
978 3368 1079 3424 ille
1124 3360 1431 3425 Achaicus
1487 3363 1807 3437 inquisitor
1861 3380 1936 3418 ne
