2284 3717
631 191 709 237 m
756 191 815 238 c,
849 191 1158 239 VERREM
1207 191 1428 239 Aemo
1478 192 1527 239 1.
1918 178 2043 243 211

195 363 436 405 causam
498 346 845 406 Siculorum
893 355 1113 423 rogatu
1157 348 1516 423 recepissem
1565 348 1743 423 idque
1789 349 1939 406 mihi

196 428 456 501 amplum
479 435 544 485 et
565 427 945 503 praeclarum
974 428 1437 498 existimassem,
1458 445 1563 485 eos
1587 429 1737 485 velle
1768 446 1937 487 meae
1977 474 1985 481 .

195 505 322 562 fidei
353 507 832 582 diligentiaeque
855 507 1186 581 periculum
1205 507 1411 576 facere,
1434 509 1534 582 qui
1560 509 1940 566 innocentiae

195 586 711 661 abstinentiaeque
741 587 1039 656 fecissent,
1066 592 1199 643 tum
1229 597 1509 662 suscepto
1541 589 1787 661 negot-io
1819 607 1941 645 ma-

194 665 291 737 jus
332 667 630 740 quiddam
673 665 822 723 mihi
866 667 1167 741 proposui,
1202 666 1263 723 in
1310 685 1428 741 quo
1475 685 1671 723 meam
1717 668 1776 723 in
1814 686 1940 725 rem
2008 669 2045 727 5

191 745 489 817 publicam
520 746 900 803 voluntatem
931 746 1194 820 populus
1237 746 1554 803 Romanus
1602 747 1938 821 perspicere

191 832 430 899 posset3
477 843 621 882 nam
649 826 795 882 illud
825 823 973 881 mihi
1013 843 1391 900 nequaquam
1438 827 1694 899 dignum
1738 827 1942 884 indus·

194 904 305 959 tria
339 913 686 979 conatuque
730 922 863 963 meo
895 905 1232 972 videbatur,
1265 905 1450 961 istum
1488 923 1524 962 a
1551 924 1646 961 me
1685 906 1748 962 in
1782 907 1944 979 judi-

189 983 340 1039 cium
360 986 497 1058 jam
526 985 796 1040 omnium
815 984 1046 1056 judicio
1076 984 1543 1041 condemnatum
1575 986 1794 1055 vocari,
1822 986 1938 1043 nisi

191 1061 308 1119 ista
348 1069 463 1119 tua
508 1064 905 1121 intolerabilis
949 1064 1224 1138 potentia
1263 1070 1327 1121 et
1363 1082 1437 1120 ea
1475 1065 1792 1138 cupiditas,
1824 1083 1944 1140 qua
1976 1066 2048 1123 10

189 1157 291 1214 per
319 1142 505 1200 hosce
530 1161 721 1200 annos
750 1143 815 1200 in
836 1143 1196 1218 quibusdam
1210 1144 1458 1217 judiciis
1481 1162 1630 1201 usus
1652 1163 1736 1213 es,
1757 1146 1938 1202 etiam

189 1220 248 1277 in
299 1222 486 1279 istius
542 1221 804 1279 hominis
854 1223 1160 1295 desperati
1209 1241 1394 1280 causa
1440 1223 1933 1298 interponeretur.

189 1299 365 1359 Nunc
396 1319 562 1371 vem,
593 1302 878 1376 quoniam
909 1303 1057 1359 haec
1095 1308 1155 1359 te
1200 1303 1394 1359 omnis
1437 1303 1770 1360 dominatio
1813 1321 1942 1378 reg·

188 1397 457 1456 numque
502 1381 866 1454 judiciorum
918 1387 1091 1439 tanto
1142 1399 1319 1456 opere
1369 1382 1629 1440 delectat
1683 1388 1745 1440 et
1800 1388 1943 1440 sunt

188 1458 487 1530 homineS‚
545 1479 695 1535 quos
750 1461 1018 1519 libidinis
1074 1462 1478 1535 infamiaeque
1541 1480 1686 1519 suae
1744 1481 1937 1537 neque
1973 1469 2045 1526 15

189 1540 423 1612 pudeat
471 1557 663 1615 neque
719 1542 982 1610 taedeat,
1032 1542 1135 1615 qui
1183 1542 1354 1615 quasi
1405 1542 1479 1598 de
1530 1541 1829 1598 industria
1878 1542 1941 1599 in

188 1619 398 1677 odium
429 1619 936 1695 offensionemque
966 1616 1170 1695 populi
1217 1621 1481 1677 Romani
1525 1621 1748 1678 irruere
1782 1621 1944 1678 vide-

189 1706 387 1769 antur,
412 1698 525 1756 hoc
553 1717 649 1756 me
672 1700 954 1774 profiteor
984 1700 1322 1775 suscepisse
1354 1717 1644 1774 magnum
1675 1701 1937 1758 fortasse

188 1796 339 1835 onus
370 1785 437 1835 et
477 1779 627 1836 mihi
668 1779 1265 1853 periculosissimum,
1316 1797 1525 1835 verum
1567 1787 1773 1836 tamen
1815 1781 1969 1855 dig..

188 1875 331 1915 num
385 1858 447 1915 in
500 1876 619 1932 quo
669 1877 879 1916 omnes
933 1876 1156 1916 nervos
1212 1859 1431 1916 aetatis
1487 1859 1939 1935 industu’aoque
1973 1865 2050 1921 20

187 1955 355 1996 meae
388 1939 847 1995 contenderem:
891 1939 1175 2012 quoniam
1207 1944 1376 1996 totus
1420 1939 1565 1996 ordo
1609 1956 1939 2012 paucorum

187 2016 584 2092 improbitate
613 2024 675 2075 et
705 2019 958 2075 audacia
986 2019 1278 2093 premitur
1306 2024 1369 2076 et
1397 2024 1648 2092 urgetur
1690 2018 1944 2075 infamia

189 2098 576 2170 judiciorum,
609 2097 890 2172 profiteor
932 2098 1071 2155 huic
1115 2099 1325 2171 generi
1369 2098 1679 2154 hominum
1723 2116 1819 2154 me
1861 2099 1947 2155 in-

186 2178 437 2235 imicum
481 2183 908 2247 accusatorem,
942 2178 1237 2248 odiosum,
1291 2178 1620 2246 assiduum,
1662 2179 1943 2235 acerbum

188 2257 645 2329 adversarium3
710 2257 821 2314 hoc
875 2257 1022 2313 mihi
1067 2274 1258 2326 sum0,
1307 2256 1420 2315 hoc
1469 2257 1614 2313 mihi
1666 2257 1939 2331 deposcO,
1975 2261 2049 2319 25

188 2338 352 2411 quod
396 2353 578 2410 agam
621 2337 681 2391 in
722 2337 1105 2409 magistratu,
1140 2337 1301 2410 quod
1342 2353 1520 2411 agam
1560 2354 1635 2392 ex
1678 2354 1749 2393 eo
1788 2337 1937 2407 locO,

185 2433 258 2472 ex
304 2433 427 2492 quo
477 2433 572 2471 me
629 2416 889 2491 populus
948 2415 1266 2472 Romanus
1316 2434 1390 2472 ex
1442 2414 1581 2472 Kal.
1625 2416 1940 2473 Januariis

186 2512 395 2553 secum
446 2512 622 2568 agere
652 2495 726 2551 de
757 2512 818 2552 re
848 2495 1090 2569 publica
1121 2513 1190 2551 ac
1228 2495 1299 2552 de
1338 2495 1685 2552 hominibus
1730 2496 1945 2570 impro-

187 2575 282 2632 bis
315 2574 547 2645 voluit3
592 2574 704 2631 hoc
734 2592 954 2630 munus
991 2574 1327 2631 aedilitatis
1369 2592 1536 2631 meae
1570 2575 1791 2649 populo
1825 2577 1942 2631 Ro-

186 2672 370 2711 mano
451 2654 897 2726 amplissimum
973 2654 1563 2728 pulcherrimumque
1640 2654 1938 2727 polliceor.
1974 2657 2049 2714 30

187 2734 433 2802 Mone0‚
465 2734 762 2805 praedico,
796 2738 936 2789 ante
983 2733 1305 2789 denuntio:
1352 2733 1452 2806 qui
1500 2737 1605 2789 aut
1647 2733 1943 2807 deponere

187 2822 294 2871 aut
324 2813 597 2887 accipere
629 2819 736 2870 aut
765 2813 1023 2885 recipere
1050 2819 1154 2870 aut
1175 2812 1441 2887 polliceri
1467 2819 1573 2868 aut
1596 2819 1942 2886 sequestres

188 2899 297 2951 aut
326 2894 685 2966 interpretes
716 2893 1135 2967 corrumpendi
1159 2891 1375 2965 judicii
1417 2891 1615 2948 solent
1658 2909 1789 2949 esse
1820 2893 1946 2967 qui·

187 2991 300 3048 que
332 2974 411 3029 ad
442 2972 598 3028 hanc
638 2990 763 3028 rem
809 2977 914 3028 aut
957 2972 1295 3045 potentiam
1347 2979 1452 3028 aut
1500 2971 1943 3044 impudentiam
2013 3020 2020 3025 .

187 3070 362 3109 suam
393 3052 645 3127 professi
681 3058 838 3120 sunt,
867 3051 1217 3107 abstineant
1247 3050 1310 3106 in
1342 3051 1453 3107 hoc
1465 3051 1696 3123 judicio
1726 3067 1943 3107 manus
1974 3053 2046 3109 35

188 3133 547 3205 animosque
581 3132 655 3188 ab
687 3131 799 3188 hoc
829 3130 1048 3187 scelere
1081 3129 1324 3186 nefariO.

269 3215 360 3271 13.
410 3212 548 3268 Erit
579 3216 704 3267 tum
738 3210 946 3266 consul
980 3209 1351 3266 Hortensius
1390 3226 1526 3264 cum
1573 3224 1809 3263 summo
1840 3207 1940 3261 im-

187 3293 352 3366 perio
383 3296 447 3347 et
475 3295 797 3364 potestate,
829 3307 943 3362 ego
974 3293 1177 3345 autem
1210 3287 1441 3355 aedilis,
1474 3287 1587 3342 hoc
1615 3291 1726 3352 est,
1758 3285 1942 3356 paulo

190 3371 452 3446 amplius
482 3387 666 3445 quam
694 3370 989 3443 privatus,
1022 3373 1227 3423 tamen
1271 3365 1449 3436 hujus
1477 3362 1640 3418 modi
1670 3360 1819 3417 haec
1848 3377 1943 3415 res
