2284 3717
479 165 759 211 ORATIO
811 164 955 211 PRo
1007 164 1203 212 REGE
1256 164 1663 212 nmo'rARO.
1879 148 2001 216 147

139 324 245 378 tam
290 322 589 381 afflictam
638 322 873 397 regiam
923 322 1339 380 condicionem
1385 321 1664 379 dolebam
1708 339 1892 397 quam

140 400 200 457 de
226 404 492 460 fortunis
522 403 941 459 communibus
983 401 1465 475 extimescebam.
1551 401 1707 459 Nam
1755 420 1891 459 cum

139 496 279 539 more
326 484 635 556 majorum
671 484 743 538 de
788 501 962 538 servo
1006 483 1070 538 in
1098 482 1407 539 dominum
1454 499 1526 538 ne
1568 483 1891 539 tormentis

139 562 363 634 quidem
398 564 607 638 quaeri
638 563 830 631 liceat,
858 563 919 617 in
951 581 1072 638 qua
1101 563 1453 636 quaestione
1478 562 1648 618 dolor
1677 563 1888 619 elicere

140 657 324 698 veram
372 661 588 699 vocem
637 642 833 715 possit
881 643 1066 698 etiam
1117 642 1194 697 ab
1250 642 1461 712 invit0,
1502 648 1750 698 exortus
1795 648 1891 700 est
1958 643 1995 701 ὅ

139 736 332 778 servus
378 723 503 797 qui,
552 740 730 796 quem
775 722 836 778 in
879 722 1084 779 eculeo
1132 722 1434 797 appellare
1490 739 1613 778 non
1661 727 1886 798 posset,

138 816 254 857 eum
285 808 536 858 accuset
565 802 817 858 solutus.

206 884 252 937 2.
299 879 637 938 Perturbat
665 899 778 952 me,
808 880 872 938 O.
902 879 1146 951 Caesar,
1170 880 1355 937 etiam
1385 880 1536 938 illud
1564 880 1885 951 interdum,

138 960 278 1031 quod
324 969 539 1017 tamen
588 978 724 1017 cum
768 967 827 1017 te
876 961 1121 1036 penitus
1163 960 1505 1035 recognovi,
1537 961 1750 1017 timere
1794 961 1890 1017 de·

138 1038 287 1098 sino:
354 1058 420 1097 re
476 1041 639 1097 enim
688 1040 961 1116 iniquum
1011 1047 1122 1111 est,
1168 1041 1278 1099 sed
1321 1048 1427 1097 tua
1475 1040 1777 1115 sapientia
1822 1040 1888 1097 fit
1919 1042 1993 1099 10

136 1120 597 1193 aequissimum:
660 1137 800 1176 nam
843 1120 1036 1177 dicere
1088 1120 1251 1194 apud
1306 1138 1442 1176 eum
1487 1120 1560 1177 de
1604 1120 1882 1191 facinore,

136 1208 329 1256 contra
372 1202 545 1273 cujus
575 1200 766 1256 vitam
807 1200 1126 1256 consilinm
1172 1200 1457 1257 facinoris
1498 1200 1683 1257 inisse
1714 1218 1889 1275 argu-

137 1294 242 1349 are,
272 1297 408 1336 cum
439 1297 547 1355 per
574 1296 640 1335 se
679 1279 881 1353 ipsum
917 1280 1278 1350 considereS,
1312 1297 1499 1352 grave
1529 1285 1659 1354 est;
1711 1297 1885 1336 nemo

135 1359 277 1414 enim
321 1359 444 1416 fere
495 1364 592 1416 est
632 1359 736 1433 qui
793 1360 885 1415 sui
933 1359 1184 1436 periculi
1230 1360 1420 1433 judex
1468 1377 1589 1416 non
1646 1360 1762 1416 sibi
1819 1377 1883 1416 se

137 1440 468 1512 aequiorem
512 1456 695 1513 quam
739 1456 840 1494 reo
881 1440 1204 1513 praebeat:
1257 1439 1363 1496 sed
1391 1446 1516 1508 tua,
1546 1439 1611 1497 O.
1641 1438 1883 1509 Caesar,
1917 1441 1990 1497 15

136 1525 442 1589 praestans
500 1518 949 1593 singularisque
995 1526 1212 1575 natura
1263 1518 1425 1575 hunc
1467 1518 1613 1574 mihi
1656 1529 1885 1575 metum

136 1597 356 1656 minuit.
429 1597 487 1654 N
492 1616 571 1654 on
603 1598 766 1654 enim
793 1604 921 1655 tam
950 1597 1134 1655 timeo
1164 1598 1308 1673 quid
1339 1605 1406 1673 tu
1435 1599 1508 1655 de
1538 1615 1679 1671 rege
1712 1598 1886 1655 Deio·

135 1679 272 1747 taro,
308 1695 491 1752 quam
537 1677 815 1751 intelligo
855 1678 999 1752 quid
1044 1678 1117 1734 de
1164 1685 1223 1735 te
1268 1684 1498 1735 ceteros
1542 1678 1695 1734 velis
1727 1678 1885 1751 judi-

137 1770 273 1812 care.
357 1757 614 1814 Moveor
665 1758 851 1814 etiam
909 1757 1022 1813 loci
1084 1757 1275 1832 ipsius
1330 1756 1674 1825 insolentia,
1722 1758 1881 1832 quod

137 1838 357 1892 tantam
400 1854 667 1906 causam,
701 1843 927 1912 quanta
956 1837 1122 1893 nulla
1166 1855 1456 1912 umquam
1500 1836 1563 1893 in
1593 1838 1885 1913 discepta·
1914 1839 1990 1897 20

136 1913 286 1972 tione
336 1928 581 1973 versata
628 1924 740 1986 est,
796 1916 928 1973 dico
978 1917 1138 1973 intra
1186 1917 1550 1973 domesticos
1599 1917 1880 1992 parieteS,

139 1992 260 2052 dico
299 2002 469 2053 extra
512 2001 879 2053 conventum
926 2001 988 2052 et
1030 2014 1164 2052 eam
1206 1995 1625 2071 frequentiam,
1658 1997 1718 2053 in
1763 2015 1884 2071 qua

139 2080 428 2131 oratorum
472 2075 680 2132 studia
721 2076 833 2131 niti
875 2075 1106 2133 solent:
1158 2076 1221 2133 in
1262 2077 1387 2133 tuis
1431 2077 1637 2147 oculis,
1671 2077 1734 2133 in
1776 2083 1882 2132 tuo

138 2168 230 2209 ore
281 2156 567 2230 vultuque
624 2155 956 2229 acquiesce,
1010 2161 1069 2212 te
1126 2173 1316 2212 unum
1374 2156 1628 2225 intueor,
1684 2156 1764 2213 ad
1819 2160 1880 2212 te

138 2247 308 2289 unum
363 2235 560 2291 omnis
616 2252 753 2291 mea
808 2241 1044 2308 spectat
1100 2236 1327 2293 oratio:
1387 2254 1541 2310 quae
1599 2236 1746 2291 mihi
1803 2236 1879 2292 ad
1912 2237 1988 2295 25

140 2326 297 2383 spem
337 2314 698 2372 obtinendae
729 2314 1006 2371 veritatis
1041 2315 1408 2389 gravissima
1451 2320 1609 2384 sunt,
1644 2315 1721 2372 ad
1762 2333 1883 2372 mo-

139 2394 261 2446 tum
288 2394 462 2450 animi
494 2402 555 2450 et
578 2394 655 2450 ad
687 2411 926 2451 omnem
956 2394 1248 2468 impetum
1280 2395 1518 2452 dicendi
1548 2396 1879 2452 contentio·

140 2485 375 2545 nemque
418 2474 681 2531 leviora:
738 2472 892 2531 hanc
933 2473 1214 2543 enin1,.C.
1252 2473 1496 2543 Caesar,
1538 2492 1786 2531 causam
1829 2475 1882 2531 si

139 2548 199 2604 in
233 2550 349 2608 foro
391 2553 650 2610 dicerem
694 2553 902 2609 eodem
947 2554 1231 2610 audiente
1274 2559 1338 2611 et
1380 2554 1755 2627 disceptante
1799 2560 1876 2626 te,

140 2637 410 2701 quantam
441 2633 588 2689 mihi
620 2632 993 2688 alacritatem
1024 2633 1226 2708 populi
1259 2634 1523 2691 Romani
1553 2651 1881 2691 concursus
1911 2636 1988 2692 30

142 2708 406 2769 adferret!
494 2713 644 2784 Quis
677 2712 832 2767 enim
864 2712 1012 2768 civis
1047 2712 1102 2769 ei
1134 2713 1259 2786 regi
1293 2731 1409 2769 non
1440 2713 1685 2782 faveret,
1712 2714 1883 2787 cujus

143 2803 358 2846 omnem
398 2798 659 2849 aetatem
710 2790 772 2846 in
802 2791 1005 2866 populi
1051 2792 1316 2848 Romani
1346 2793 1520 2849 bellis
1563 2811 1882 2867 consump-

143 2870 255 2923 tam
283 2888 410 2948 esse
442 2868 864 2927 meminisset?
951 2870 1298 2946 Spectarem
1339 2872 1584 2941 curiam,
1617 2873 1882 2929 intuerer

145 2944 331 3018 forum,
363 2952 597 3007 caelum
630 2951 886 3024 denique
918 2957 1175 3007 testarer
1215 2951 1431 3025 ipsum.
1509 2952 1625 3023 Sic,
1654 2970 1786 3009 cum
1820 2958 1881 3008 et

146 3022 844 3087 deorum-immortalium
875 3038 936 3086 et
965 3025 1170 3105 populi
1215 3031 1480 3087 Romani
1525 3038 1587 3088 et
1632 3040 1880 3087 senatus
1913 3032 1987 3087 35
2029 3092 2037 3095 Δ

148 3101 404 3167 beneficia
428 3111 487 3166 in
517 3127 722 3183 regem
749 3105 1107 3166 Deiotarum
1131 3111 1490 3179 recordarer,
1514 3110 1678 3168 nullo
1704 3110 1881 3166 modo

150 3185 273 3243 mihi
297 3189 501 3247 deesse
527 3195 738 3265 posset
762 3189 972 3245 oratio.
1025 3191 1194 3262 Quae
1219 3190 1503 3265 quoniam
1529 3188 1882 3263 angustiora
1941 3205 1948 3210 ·

150 3267 376 3335 parietes
402 3270 634 3327 faciunt
659 3268 931 3343 actioque
962 3271 1262 3325 maximae
1288 3287 1504 3325 causae
1531 3268 1883 3324 debilitatur

152 3337 270 3418 ¹⁰00,
299 3357 467 3406 tuum
499 3355 613 3419 est,
650 3347 791 3410 Cae·
813 3366 890 3418 ar,
925 3350 1027 3423 qui
1056 3366 1164 3422 pro
1196 3348 1405 3403 multis
1444 3364 1621 3419 saepe
1654 3342 1880 3410 dixisti,
