2284 3717
192 613 231 646 ὀ

267 156 393 219 156
789 172 862 219 Μ.
896 172 1155 219 ‘runnu
1205 172 1603 220 cmm-*coms

369 327 464 403 pie
500 327 963 385 necessitudinis
1004 346 1225 385 nomen
1253 329 1671 404 repudiaretiS,
1702 333 1914 385 tamen
1944 328 2138 386 inimi-

370 408 544 464 citias
576 407 887 464 hominum
932 426 1095 464 more
1124 426 1331 482 gerere
1367 409 1670 482 poteratiS,
1705 426 1827 465 non
1861 408 2001 465 ficto
2033 409 2137 466 cri-

371 488 533 544 mine
588 488 888 557 insectari,
946 506 1066 544 non
1130 496 1409 562 expetere
1465 488 1674 556 vitam,
1732 505 1858 544 non
1917 488 2134 564 capitis

371 583 686 624 arcessere.
760 567 946 624 Esto:
990 568 1356 624 concedatur
1386 568 1533 625 haec
1561 585 1798 642 quoque
1832 569 2133 625 acerbitas

304 646 341 702 5
369 652 432 703 et
476 647 597 703 odii
642 646 1036 720 magnitudo:
1095 646 1340 717 adeone,
1388 652 1458 703 ut
1512 647 1718 703 omnia
1763 647 1929 703 vitae
1976 648 2136 704 salu-

371 727 569 800 tisque
601 726 940 783 communis
976 732 1157 801 atque
1185 727 1370 783 etiam
1402 726 1800 783 humanitatis
1833 728 1978 799 jura
2010 728 2135 783 vio-

371 804 615 863 lentur?
677 805 933 863 Servum
965 805 1289 862 sollicitare
1315 806 1531 876 verbiS‚
1557 823 1660 881 spe
1692 806 2131 881 promissisque

370 903 766 960 corrumpere,
809 885 1100 942 abducere
1143 886 1406 955 domum,
1439 895 1646 942 contra
1682 885 2003 942 dominum
2047 903 2136 942 ar·

370 982 552 1035 mare,
587 965 699 1022 hoc
727 970 823 1022 est
851 982 970 1021 non
1000 965 1104 1021 uni
1132 965 1488 1040 propinquO,
1515 965 1620 1021 sed
1649 964 1933 1021 omnibus
1965 965 2135 1022 fami-

268 1042 340 1098 10
369 1043 466 1100 liis
510 1044 806 1101 nefarium
838 1044 1060 1101 bellum
1100 1045 1395 1117 indicere3
1438 1062 1579 1100 nam
1621 1045 1743 1100 ista
1786 1045 2133 1118 corruptela

370 1124 532 1180 servi
561 1124 612 1180 si
642 1142 764 1181 non
793 1124 971 1180 modo
1001 1124 1299 1199 impunita
1320 1125 1515 1194 fuerit,
1542 1124 1647 1181 sed
1676 1124 1862 1180 etiam
1893 1142 1932 1179 a
1954 1132 2132 1181 tanta

371 1204 732 1261 auctoritate
776 1203 1127 1279 approbata,
1160 1204 1310 1260 nulli
1352 1204 1615 1278 parietes
1652 1208 1931 1259 nostram
1975 1204 2132 1260 salu-

369 1288 510 1352 tem,
543 1283 742 1340 nullae
783 1283 965 1358 legeS,
998 1284 1165 1340 nulla
1188 1286 1329 1358 jura
1357 1283 1716 1340 custodient.
1803 1282 1933 1339 Ubi
1970 1284 2133 1340 enim

367 1361 448 1432 id,
482 1363 643 1437 quod
692 1363 858 1419 intus
904 1367 1000 1420 est
1042 1368 1224 1437 atque
1266 1369 1561 1433 nostrum,
1594 1362 1839 1436 impune
1883 1362 2131 1421 evolare

265 1434 340 1496 15
370 1447 572 1516 potest
600 1452 924 1517 contraque
953 1459 1064 1498 nos
1092 1459 1385 1518 pugnare,
1413 1441 1479 1498 fit
1506 1442 1569 1497 in
1598 1441 1921 1499 dominatu
1950 1443 2137 1499 servi-

370 1527 489 1591 tus,
521 1521 584 1578 in
625 1522 919 1579 servitute
950 1521 1311 1579 dominatus,
1399 1520 1449 1578 Ο
1481 1528 1770 1595 tempora,
1807 1520 1860 1578 O
1893 1521 2133 1588 mores!

372 1600 480 1658 Cn.
515 1601 824 1658 Domitius
855 1602 970 1671 ille,
1002 1619 1183 1676 quem
1224 1617 1335 1658 nos
1375 1602 1544 1676 pueri
1573 1599 1902 1669 consulem,
1931 1619 2139 1658 censo-

369 1697 515 1748 rem,
559 1681 903 1754 pontificem
956 1682 1287 1737 maximum
1335 1681 1611 1750 vidimuS‚
1656 1697 1793 1736 cum
1844 1681 2135 1738 tribunus

370 1758 563 1832 plebis
611 1760 694 1817 M.
731 1760 1023 1818 Scaurum
1064 1761 1395 1835 principem
1424 1760 1692 1816 civitatis
1734 1760 1793 1815 iu
1828 1760 2137 1833 judicium

266 1835 341 1891 20
372 1839 578 1914 populi
623 1840 970 1898 vocavisset
1026 1839 1351 1915 Scaurique
1402 1856 1611 1895 servus
1668 1839 1745 1895 ad
1787 1857 1930 1896 eum
1977 1841 2133 1898 clam

374 1918 620 1975 domum
652 1921 920 1977 venisset
960 1925 1022 1976 et
1050 1920 1305 1976 crimina
1345 1920 1404 1975 in
1440 1918 1751 1975 dominum
1782 1918 2137 1977 delaturum

371 2014 434 2054 se
466 2015 599 2055 esse
629 1999 897 2070 dixisset,
928 1998 1217 2073 prehendi
1260 1998 1563 2055 hominem
1596 1997 1782 2072 jussit
1827 1998 1906 2055 ad
1954 1998 2140 2057 Scau-

371 2093 621 2152 rumque
686 2079 916 2136 deduci.
1004 2078 1164 2135 Vide
1227 2078 1371 2152 quid
1432 2077 1687 2146 intersit,
1744 2078 1863 2134 etsi
1928 2078 2134 2154 inique

375 2155 692 2214 Castorem
740 2176 873 2215 cum
926 2157 1195 2215 Domitio
1245 2174 1556 2230 comparo:
1615 2156 1719 2213 sed
1770 2164 1980 2215 tamen
2035 2159 2134 2215 ille

267 2233 340 2289 25
371 2235 615 2294 inimico
663 2255 904 2294 servum
954 2237 1204 2306 remisit,
1251 2243 1319 2293 tu
1365 2236 1439 2292 ab
1482 2254 1598 2293 avo
1642 2236 1989 2310 abduxisti;
2035 2238 2135 2294 ille

373 2314 786 2391 incorruptum
829 2317 1035 2373 audire
1075 2316 1286 2385 noluit,
1317 2321 1387 2372 tu
1416 2316 1779 2391 corrupisti;
1823 2315 1926 2372 ille
1970 2317 2135 2391 adju·

371 2398 564 2452 torem
593 2414 836 2453 servum
865 2402 1072 2453 contra
1099 2395 1409 2453 dominum
1445 2394 1808 2468 repudiavit,
1839 2401 1908 2452 tu
1940 2396 2135 2453 etiam

376 2481 786 2532 accusatorem
810 2475 1153 2532 adhibuisti.
1212 2476 1303 2531 At
1325 2475 1509 2531 semel
1539 2474 1655 2530 iste
1683 2481 1779 2532 est
1808 2485 2131 2549 corruptus

375 2570 411 2609 a
441 2555 630 2611 vobis
696 2553 929 2624 Nonne,
962 2572 1097 2611 cum
1126 2559 1289 2611 esset
1314 2554 1642 2628 productus
1669 2561 1733 2610 et
1761 2570 1898 2611 cum
1927 2559 2135 2611 tecum

267 2631 342 2687 30
373 2632 607 2702 fuisset,
652 2633 875 2707 refugit
920 2634 997 2690 ad
1046 2632 1324 2707 legatos?
1409 2632 1626 2690 Nonne
1678 2633 1754 2690 ad
1811 2632 1972 2690 hunc
2018 2634 2130 2693 On.

373 2711 712 2770 Domitium
743 2711 952 2770 venit?
1025 2711 1244 2769 Nonne
1275 2712 1552 2770 audiente
1583 2712 1697 2769 hoc
1741 2711 1953 2770 Servio
2000 2712 2139 2771 Sul-

370 2791 547 2865 picio,
579 2792 911 2849 clarissimo
943 2792 1088 2861 vir0,
1121 2792 1224 2866 qui
1252 2797 1380 2848 tum
1410 2809 1558 2849 casu
1587 2793 1748 2867 apud
1790 2791 2130 2850 Domitium

373 2872 646 2941 cenabat,
677 2876 740 2927 et
783 2870 896 2928 hoc
925 2871 1064 2928 Tito
1104 2871 1427 2945 Torquat0‚
1454 2872 1682 2946 optimo
1725 2870 2131 2943 adolescente,

374 2965 437 3005 se
485 2968 521 3006 a
562 2955 624 3007 te
669 2956 1030 3025 corruptum,
1071 2950 1193 3007 tuis
1236 2951 1552 3025 promissis
1595 2950 1659 3008 in
1701 2950 1973 3008 fraudem
2025 2951 2137 3008 im-

268 3027 342 3083 35
372 3027 612 3101 pulsum
642 3045 776 3084 esse
805 3029 1114 3086 confessus
1144 3028 1282 3086 est?

460 3110 546 3162 12.
595 3108 765 3177 Quae
815 3113 908 3163 est
958 3108 1078 3162 ista
1125 3114 1252 3163 tam
1301 3109 1617 3184 impotem,
1662 3114 1793 3165 tam
1842 3108 2128 3179 crudelis,

374 3186 503 3236 tam
561 3183 955 3238 immoderata
1009 3184 1465 3243 inhumanitas?
1556 3188 1792 3245 Idcirco
1848 3188 1914 3244 in
1973 3187 2135 3247 hanc

377 3259 582 3313 urbem
613 3260 850 3327 venisti,
883 3269 951 3316 ut
993 3261 1171 3333 hujus
1214 3265 1378 3320 urbis
1411 3267 1551 3337 jura
1593 3271 1656 3322 et
1697 3267 1976 3342 exempla
2006 3284 2137 3325 cor-

330 3405 337 3406 ?
378 3348 683 3404 rumperes
707 3336 1154 3409 domesticaque
1180 3340 1560 3401 immanitate
1589 3353 1834 3404 nostrae
1860 3347 2138 3405 civitatis

339 3409 344 3415 ’
379 3403 816 3463 humanitatem
846 3413 1235 3478 inquinares?
