2284 3717
685 716 780 787 M.
828 715 1147 787 TULLII
1204 714 1703 787 CICERONIS

259 922 461 1015 PRO
517 923 793 1015 REGE
847 924 1377 1015 DEIOTARO
1434 924 1573 1013 AD
1636 924 1719 1015 G.
1773 922 2106 1013 CAESA-

854 1064 1081 1155 REM
1148 1065 1560 1156 ORATIO.
1667 1145 1670 1146 f

451 1440 501 1495 1.
550 1436 703 1497 CUM
732 1436 796 1495 in
827 1439 1104 1496 omnibus
1135 1439 1336 1496 causis
1367 1438 1767 1514 gravioribuS‚
1796 1437 1863 1496 O.
1895 1437 2129 1508 Caesar,

366 1516 540 1574 initio
571 1518 808 1576 dicendi
837 1519 1205 1576 commoveri
1229 1519 1456 1577 soleam
1480 1518 1923 1589 vehementius,
1949 1534 2126 1593 quam

369 1597 613 1654 videtur
634 1598 728 1655 vel
759 1615 909 1655 usus
933 1598 1027 1655 vel
1061 1605 1230 1656 aetas
1261 1617 1395 1656 mea
1415 1597 1741 1673 postulare,
1766 1605 1901 1655 tum
1931 1598 1994 1654 in
2024 1597 2133 1654 hac

367 1695 553 1735 causa
599 1679 689 1735 ita
734 1695 829 1733 me
873 1677 1069 1735 multa
1109 1679 1485 1754 perturbant,
1531 1684 1616 1749 ut,
1663 1684 1961 1752 quantum
2003 1694 2134 1733 mea

303 1758 339 1816 5
370 1755 517 1812 fides
561 1757 747 1814 studii
791 1757 940 1814 mihi
972 1758 1206 1815 adferat
1246 1758 1321 1815 ad
1366 1758 1626 1815 salutem
1669 1758 1835 1831 regis
1866 1755 2133 1814 Deiotari

368 1836 827 1908 defendendam,
885 1843 1125 1896 tantum
1199 1838 1506 1895 facultatis
1577 1838 1760 1893 timor
1834 1836 2128 1894 detrahat.

371 1914 647 1973 Primum
704 1918 838 1974 dico
893 1935 1002 1993 pro
1059 1919 1257 1993 capite
1314 1917 1691 1992 fortunisque
1747 1918 1930 1991 regiS,
1976 1915 2132 1991 quod

368 1994 587 2070 ipsum,
619 1997 731 2054 etsi
779 2014 902 2054 non
945 1997 1217 2073 iniquum
1261 1998 1447 2054 estin
1474 2004 1581 2054 tuo
1624 1997 1950 2053 dumtaxat
1989 1996 2133 2071 peri·

369 2074 520 2145 cu10‚
552 2081 758 2133 tamen
788 2083 882 2133 est
922 2077 1011 2134 ita
1052 2078 1433 2147 inusitatum,
1465 2094 1671 2151 regem
1702 2093 1875 2132 reum
1919 2076 2130 2151 capitis

269 2156 340 2213 10
372 2172 522 2225 esse,
556 2161 625 2213 ut
667 2162 806 2213 ante
851 2157 966 2214 hoc
994 2163 1238 2231 tempus
1267 2175 1389 2213 non
1431 2157 1513 2214 sit
1559 2156 1874 2230 auditum3
1918 2155 2129 2213 deinde

371 2252 510 2291 eum
550 2253 773 2310 regem,
799 2254 976 2314 quem
1010 2254 1223 2294 ornare
1267 2242 1448 2294 antea
1489 2240 1705 2292 cuncto
1737 2253 1876 2292 cum
1919 2240 2130 2292 senatu

369 2315 637 2371 solebam
668 2334 775 2390 pro
803 2318 1112 2391 perpetuis
1134 2318 1262 2390 ejus
1291 2317 1352 2373 in
1376 2322 1648 2373 nostram
1676 2332 1805 2371 rem
1832 2315 2129 2390 publicam

367 2394 615 2465 meritis
648 2413 806 2453 nunc
836 2402 1046 2454 contra
1081 2396 1529 2454 atrocissimum
1571 2395 1797 2452 crimen
1828 2412 2014 2469 cogor
2041 2395 2131 2451 de-

371 2473 626 2532 fendere.
715 2476 972 2533 Accedit
1011 2482 1079 2532 ut
1122 2481 1544 2533 accusatorum
1586 2474 1841 2531 alterius
1884 2473 2127 2531 crudeli-

267 2555 338 2612 15
370 2559 513 2624 tate,
547 2554 796 2612 alterius
839 2556 1201 2630 indignitate
1245 2555 1595 2613 conturber:
1640 2553 1946 2611 crudelem
1990 2554 2130 2612 Cas-

367 2639 578 2704 torem,
612 2652 685 2691 ne
730 2635 929 2693 dicam
973 2636 1330 2693 sceleratum
1373 2640 1434 2691 et
1478 2633 1753 2707 impium,
1798 2633 1903 2708 qui
1947 2649 2130 2708 nepos

372 2730 554 2770 avum
599 2714 662 2770 in
691 2716 908 2789 capitis
938 2715 1264 2772 discrimen
1307 2714 1624 2788 adduxerit
1668 2713 2132 2771 adolescentiae·

370 2811 486 2867 que
544 2811 690 2851 suae
746 2801 1035 2853 terrorem
1093 2794 1367 2852 intulerit
1414 2793 1487 2866 ei,
1535 2794 1705 2866 cujus
1761 2799 2131 2850 senectutem

372 2873 526 2929 tueri
577 2879 639 2929 et
685 2878 886 2948 tegere
933 2875 1208 2943 debebat,
1258 2872 1961 2947 commendationemque
2017 2874 2133 2929 ine·

265 2951 340 3008 20
371 2952 537 3008 untis
589 2956 811 3011 aetatis
859 2955 934 3011 ab
978 2954 1290 3028 impietate
1332 2959 1394 3010 et
1435 2952 1657 3009 scelere
1700 2951 1979 3025 duxerit,
2035 2951 2131 3008 avi

371 3048 613 3087 servum
656 3041 1004 3108 corruptum
1048 3033 1331 3108 praemiis
1375 3032 1450 3089 ad
1495 3032 1906 3088 accusandum
1949 3030 2132 3089 domi·

371 3127 516 3165 num
586 3111 908 3185 impulerit,
967 3130 1003 3168 a
1071 3112 1410 3186 legatorum
1472 3111 1728 3186 pedibus
1798 3111 2129 3169 abduxerit.

372 3186 648 3258 Fugitivi
700 3198 902 3246 autem
947 3190 1259 3247 dominum
1319 3190 1659 3248 accusantis
1710 3195 1774 3267 et
1820 3192 2133 3248 dominum

372 3264 684 3319 absentem
740 3272 802 3321 et
857 3267 1169 3323 dominum
1240 3270 1674 3326 amicissimum
1747 3278 1995 3329 nostrae
2048 3270 2134 3328 rei

266 3336 340 3391 25
370 3339 641 3408 publicae
675 3358 810 3396 cum
842 3360 910 3399 os
938 3344 1237 3417 videbam,
1264 3365 1399 3404 cum
1425 3349 1610 3406 verba
1642 3350 1987 3478 αυᾶίῗὶέαιῃ,
2018 3367 2135 3410 non

1812 3431 1842 3476 4
