2284 3717
547 176 692 222 PRO
744 176 819 222 M.
853 174 1257 223 MARCELLO
1308 175 1608 223 ORATIO.
1883 157 2005 223 107

147 347 451 389 armorum
493 332 763 407 periculo
804 332 1095 389 liberatus
1137 331 1408 389 animum
1449 337 1654 389 tamen
1685 331 1905 389 retinet

151 419 466 481 armatum,
491 419 561 468 ut
589 412 776 468 etiam
806 412 907 469 ille
937 411 1148 469 melior
1176 412 1275 482 sit,
1302 412 1401 486 qui
1434 412 1494 468 in
1526 413 1649 468 acie
1673 411 1901 480 cecidit,

149 492 248 562 qui
278 492 339 548 in
367 510 557 548 causa
583 492 846 547 animam
872 491 1174 565 profudit3
1216 509 1368 566 quae
1393 492 1547 547 enim
1573 492 1905 565 pertinacia

150 570 531 642 quibusdam,
553 572 762 628 eadem
792 572 927 627 aliis
951 572 1296 627 constantia
1321 570 1506 627 videri
1537 579 1765 645 potest:
1798 571 1902 627 sed

148 649 270 722 jam
295 651 498 707 omnis
519 651 713 707 fracta
732 651 1030 707 dissensio
1050 657 1147 707 est
1166 650 1369 719 armiS,
1385 651 1686 707 exstincta
1708 651 1906 724 aequi·
1972 650 2009 708 5

147 736 269 785 tate
294 730 582 787 victoris:
614 738 807 786 restat
827 737 897 787 ut
920 747 1128 786 omnes
1152 748 1336 785 unum
1371 729 1574 796 velint,
1600 730 1699 804 qui
1726 730 1903 786 modo

149 807 372 865 habent
397 809 630 883 aliquid
661 827 778 865 non
811 809 1000 866 solum
1034 809 1385 884 sapientiae,
1408 810 1514 865 sed
1538 810 1720 865 etiam
1752 810 1907 864 sani-

146 888 307 945 tatiS.
398 888 454 945 N
467 889 536 944 isi
572 902 647 956 te,
677 888 741 946 C.
770 888 1012 956 Caesar,
1047 890 1219 945 salvo
1249 895 1311 945 et
1340 889 1399 944 in
1437 889 1556 944 ista
1584 889 1900 957 sententia,

146 984 261 1041 qua
289 985 427 1023 cum
475 975 657 1023 antea
686 974 815 1024 tum
859 968 1034 1025 hodie
1066 967 1160 1024 vel
1198 967 1458 1024 maxime
1489 984 1636 1023 usus
1673 985 1755 1036 ea,
1787 985 1907 1023 ma-

146 1053 340 1116 nente,
376 1047 535 1103 salvi
577 1064 709 1103 esse
751 1065 872 1104 non
913 1064 1253 1122 possumus,
1343 1048 1542 1119 Quare
1574 1063 1782 1103 omnes
1825 1051 1902 1116 te,
1937 1048 2010 1103 10

145 1126 245 1199 qui
277 1125 428 1183 haec
473 1127 644 1182 salva
685 1144 818 1183 esse
856 1127 1152 1197 volumuS,
1177 1132 1240 1182 et
1284 1126 1595 1183 hortamur
1639 1131 1702 1183 et
1742 1125 1908 1183 obse-

146 1221 402 1274 cramus,
436 1212 505 1260 ut
534 1206 692 1262 vitae
738 1212 879 1262 tuae
924 1213 987 1263 et
1029 1206 1212 1262 saluti
1252 1205 1548 1275 consulaS‚
1581 1222 1906 1279 omnesque

144 1284 268 1354 tibi,
290 1291 362 1341 ut
385 1302 494 1359 pro
525 1284 660 1341 aliis
682 1286 867 1342 etiam
897 1285 1107 1360 loquar
1128 1285 1288 1359 quod
1312 1284 1385 1342 de
1415 1303 1511 1341 me
1536 1285 1665 1359 ipse
1690 1285 1901 1355 sentio,

146 1365 433 1438 quoniam
465 1365 710 1420 subesse
743 1365 969 1439 aliquid
1013 1370 1195 1438 putas
1237 1365 1396 1439 quod
1440 1365 1776 1421 cavendum
1805 1364 1903 1438 sit,

145 1460 262 1500 non
305 1443 491 1500 modo
526 1444 809 1500 excubias
838 1451 900 1501 et
928 1444 1253 1514 custodias,
1286 1443 1390 1500 sed
1421 1444 1605 1500 etiam
1642 1444 1899 1501 laterum
1935 1445 2008 1502 15

145 1530 490 1580 nostrorum
521 1525 836 1598 oppositus
863 1529 926 1580 et
959 1541 1274 1599 corporum
1304 1523 1671 1597 pollicemur.

223 1605 314 1660 11.
365 1601 487 1659 Sed
535 1609 618 1672 ut,
651 1605 809 1659 unde
856 1611 951 1660 est
996 1620 1151 1672 orsa,
1193 1604 1254 1659 in
1296 1603 1507 1660 eodem
1549 1602 1906 1659 terminetur

147 1683 356 1752 oratio,
391 1682 691 1738 maximas
721 1683 827 1739 tibi
861 1700 1070 1739 omnes
1101 1682 1331 1757 gratias
1375 1682 1627 1756 agimuS,
1665 1682 1729 1740 C.
1759 1681 1904 1739 Cae·

147 1777 258 1833 sar,
291 1762 555 1834 majores
585 1762 768 1819 etiam
800 1763 1126 1819 habemus:
1173 1780 1313 1818 nam
1344 1780 1552 1818 omnes
1581 1761 1739 1818 idem
1770 1778 1901 1818 seu-

146 1841 321 1908 tiunt,
357 1840 522 1914 quod
566 1860 640 1898 ex
671 1843 935 1898 omnium
971 1842 1248 1916 precibus
1289 1848 1351 1898 et
1380 1841 1639 1898 lacrimis
1682 1843 1902 1898 sentire
1936 1844 2011 1899 20

149 1921 441 1993 potuisti3
502 1922 606 1978 sed
649 1922 791 1997 quia
834 1939 953 1979 non
999 1928 1092 1978 est
1136 1922 1416 1978 omnibus
1463 1920 1767 1977 stantibus
1808 1938 1905 1976 ne-

145 2017 309 2057 cesse
368 2000 583 2070 dicere,
629 2019 666 2057 a
722 2019 816 2058 me
875 2009 1033 2058 certe
1078 2002 1194 2058 dici
1239 2001 1466 2069 volunt,
1511 2001 1606 2057 cui
1662 2017 1903 2056 necesse

144 2087 236 2135 est
292 2080 557 2154 quodam
615 2081 812 2147 mod0‚
860 2086 923 2138 et
978 2081 1138 2155 quod
1198 2079 1325 2137 fieri
1381 2080 1551 2137 decet
1607 2079 1690 2137 M.
1743 2079 1906 2136 Mar-

146 2159 289 2214 cello
348 2177 384 2215 a
434 2165 493 2214 te
547 2159 684 2217 huic
735 2161 930 2217 ordini
978 2161 1319 2235 populoque
1372 2160 1653 2218 Romano
1702 2164 1765 2215 et
1820 2158 1904 2215 rei

147 2239 421 2312 publicae
479 2239 734 2309 redditO,
794 2240 919 2296 fieri
974 2240 1032 2296 id
1098 2239 1411 2313 intelligo,
1396 2259 1409 2273 ·
1481 2256 1622 2295 nam
1691 2238 1905 2295 laetari
1936 2241 2009 2297 25

148 2335 352 2374 omnes
402 2335 523 2375 non
567 2319 640 2375 de
688 2320 864 2376 unius
911 2318 1124 2388 solum,
1165 2319 1272 2375 sed
1321 2319 1394 2375 de
1441 2319 1741 2375 communi
1786 2336 1907 2375 om-

150 2397 312 2454 nium
360 2398 559 2454 salute
607 2398 836 2471 sentio;
885 2399 1045 2474 quod
1091 2405 1293 2454 autem
1335 2415 1606 2454 summae
1652 2399 1907 2455 benevo-

148 2475 361 2533 lentiae
408 2483 523 2546 est,
564 2495 717 2552 quae
765 2496 901 2534 mea
947 2495 1095 2551 erga
1136 2478 1306 2534 illum
1351 2478 1627 2535 omnibus
1670 2494 1905 2552 semper

148 2566 288 2613 nota
332 2556 464 2625 fuit,
498 2564 568 2613 ut
598 2557 698 2613 vix
742 2557 807 2615 O.
843 2557 1151 2627 Marcello,
1191 2557 1417 2631 optimo
1463 2563 1525 2614 et
1568 2557 1906 2613 amantissi-

148 2652 241 2691 mo
270 2635 460 2704 fratri,
490 2642 728 2709 praeter
756 2655 891 2693 eum
924 2636 1169 2711 quidem
1200 2637 1470 2694 cederem
1500 2637 1745 2705 nemini,
1767 2653 1903 2694 eum
1934 2638 2010 2695 30

147 2714 207 2771 id
251 2715 680 2782 sollicitudine,
713 2733 870 2784 cura,
915 2716 1117 2772 labore
1164 2722 1291 2773 tam
1333 2717 1437 2773 diu
1479 2717 1901 2791 praestiterim,

147 2812 320 2868 quam
357 2794 465 2851 diu
512 2801 608 2850 est
637 2795 709 2851 de
754 2795 918 2851 illius
964 2795 1161 2852 salute
1196 2796 1557 2864 dubitatum,
1590 2802 1747 2852 certe
1791 2795 1904 2852 hoc

147 2879 411 2951 tempore
446 2874 687 2946 magnis
717 2875 891 2943 curiS,
923 2874 1238 2945 molestiis,
1273 2875 1581 2932 doloribus
1612 2875 1904 2932 liberatus

149 2962 456 3025 praestare
482 2954 685 3010 debeo.
771 2954 1004 3028 Itaque,
1041 2954 1105 3012 C.
1142 2954 1385 3024 Caesar,
1413 2954 1498 3010 sic
1527 2955 1640 3010 tibi
1671 2956 1902 3028 gratias

150 3050 275 3106 ago,
308 3043 377 3089 ut
409 3032 690 3089 omnibus
738 3051 832 3089 me
879 3034 1059 3090 rebus
1105 3052 1140 3091 a
1171 3040 1228 3090 te
1275 3052 1392 3090 non
1423 3042 1776 3091 conservato
1807 3051 1901 3090 so·
1932 3032 2005 3090 35

151 3112 282 3183 lum,
317 3112 428 3169 sed
477 3112 660 3167 etiam
705 3118 930 3182 ornatO,
962 3118 1166 3169 tamen
1216 3113 1290 3170 ad
1334 3119 1441 3169 tua
1483 3114 1541 3168 in
1589 3131 1683 3169 me
1714 3129 1898 3168 unum

151 3190 611 3248 innumerabilia
641 3192 871 3261 merita,
904 3193 1059 3266 quod
1091 3193 1214 3248 fieri
1237 3194 1362 3265 jam
1394 3209 1569 3267 posse
1599 3209 1717 3247 non
1749 3190 1904 3246 arbi-

152 3272 366 3341 trabar,
400 3270 706 3326 maximus
735 3270 844 3328 hoc
873 3277 978 3329 tuo
1008 3272 1170 3329 facto
1200 3271 1478 3329 cumulus
1508 3268 1842 3326 accesserit.
