2284 3717
230 136 316 199 58
705 149 780 196 Μ.
829 148 1090 196 'runnu
1142 148 1542 195 cmnssoms

336 312 616 381 coeptum
661 311 841 380 atque
883 310 1269 380 temptatum,
1315 304 1422 362 sed
1471 305 1623 361 nulli
1672 308 1818 362 sunt
1860 304 2098 362 inventi

337 392 465 442 tam
498 391 605 441 aut
633 385 872 442 fortuna
902 386 1105 441 miseri
1137 390 1245 441 aut
1267 385 1580 442 voluntate
1609 384 1828 459 perditi
1851 386 1958 460 qui
1982 402 2102 441 uon

339 464 505 521 illum
536 466 732 539 ipsum
764 466 944 521 sellae
977 473 1157 539 atque
1189 466 1385 538 operis
1415 471 1477 521 et
1507 470 1798 538 quaestus
1842 464 2106 539 quotidi-

342 546 440 600 ani
474 545 684 613 locum,
718 545 820 619 qui
852 562 972 600 nou
1001 545 1195 601 cubile
1227 563 1294 601 ac
1324 544 1611 600 lectulum
1644 561 1839 614 suum,
1873 545 1978 618 qui
2009 545 2109 600 de-

267 627 304 681 5
343 625 523 697 nique
556 642 675 679 non
706 642 945 680 cursum
984 625 1141 680 hunc
1172 625 1434 680 otiosum
1465 624 1625 680 vitae
1670 641 1817 679 suae
1862 623 2105 680 salvum

341 721 475 759 esse
508 704 713 760 velint.
787 703 987 759 Multo
1017 721 1159 759 vero
1191 704 1457 759 maxima
1486 720 1627 776 pars
1657 720 1885 772 eorum,
1909 705 2013 777 qui
2043 702 2110 758 in

340 782 611 839 tabernis
657 789 815 853 sunt,
848 782 1032 839 immo
1067 782 1386 838 vero—id
1428 782 1591 838 enim
1632 782 1841 856 potius
1883 787 1981 838 est
2019 779 2111 837 ‘di-

341 862 598 919 cendum
617 893 693 901 —
714 879 906 936 genus
950 862 1062 919 hoc
1103 862 1454 918 universum
1490 861 1984 917 amantissimum
2011 865 2112 917 est

344 942 468 998 otii.
555 941 800 998 Etenim
830 959 1003 998 omne
1034 941 1522 1010 instrumentum,
1555 941 1752 997 omnis
1795 957 1979 1015 opera
2025 945 2114 997 at-

241 1019 314 1075 10
347 1039 460 1095 que
504 1028 792 1095 quaestus
835 1021 1171 1095 frequentia
1214 1021 1438 1077 civium
1482 1025 1875 1090 sustentatur,
1924 1020 2113 1076 alitu'r

347 1101 509 1173 oti03
559 1118 815 1175 quorum
857 1100 908 1156 si
950 1107 1241 1175 quaestus
1284 1099 1540 1157 occlusis
1588 1098 1861 1156 tabernis
1912 1098 2111 1155 minui

347 1180 520 1249 solet,
574 1180 716 1255 quid
767 1180 1012 1236 tandem
1061 1179 1323 1236 incensis
1369 1180 1639 1235 futurum
1688 1177 1849 1235 fuit?
1939 1180 2112 1251 Quae

344 1277 483 1316 cum
512 1260 599 1315 ita
628 1260 768 1330 sint,
792 1266 996 1334 patres
1027 1260 1367 1333 conscripti,
1395 1258 1568 1315 vobis
1597 1258 1804 1333 populi
1838 1258 2113 1315 Romani

347 1340 652 1412 praesidia
681 1357 801 1395 non
832 1340 1079 1395 desunt:
1112 1356 1222 1396 vos
1246 1356 1318 1394 ne
1341 1338 1565 1412 populo
1591 1338 1872 1394 Romano
1896 1338 2111 1395 deesse

245 1417 316 1473 15
350 1418 678 1475 videamini
707 1418 1034 1492 providete.
2271 1373 2283 1492 ⁴

432 1502 480 1555 9.
529 1498 792 1554 Habetis
818 1498 1126 1554 consulem
1157 1516 1230 1553 ex
1267 1496 1547 1570 plurimis
1591 1496 1874 1571 periculis
1920 1502 1985 1554 et
2029 1498 2117 1553 in-

351 1577 523 1633 sidiis
553 1585 730 1651 atque
761 1596 835 1634 ex
864 1578 1064 1634 media
1092 1583 1284 1633 morte
1315 1594 1434 1632 non
1457 1576 1536 1633 ad
1559 1577 1751 1632 vitam
1782 1592 1977 1646 suam,
2004 1576 2115 1634 sed

352 1657 429 1712 ad
459 1657 717 1713 salutem
747 1664 1012 1713 vestram
1057 1663 1467 1727 reservatum;
1509 1672 1717 1712 omnes
1747 1656 1992 1712 ordines
2037 1656 2115 1713 ad

353 1737 828 1793 conservandam
859 1754 984 1792 rem
1013 1737 1314 1811 publicam
1349 1742 1565 1804 mente,
1598 1735 1933 1805 voluntate,
1966 1754 2114 1793 voce

247 1814 322 1869 20
353 1817 768 1889 consentiunt3
802 1816 1052 1872 obsessa
1082 1817 1312 1873 facibus
1342 1823 1403 1871 et
1431 1815 1566 1871 telis
1596 1815 1817 1887 impiae
1848 1817 2118 1889 conjura·

351 1896 538 1952 tionis
562 1896 738 1952 vobis
769 1896 1021 1971 supplex
1049 1913 1265 1952 manus
1294 1896 1490 1953 tendit
1519 1895 1719 1969 patria
1747 1897 2112 1964 communiS,

356 1977 527 2033 vobis
571 1993 650 2044 se,
685 1976 859 2032 vobis
889 1977 1076 2031 vitam
1120 1976 1386 2032 omnium
1418 1975 1657 2043 civium,
1693 1974 1869 2030 vobis
1913 1992 2116 2031 arcem

355 2060 417 2112 et
449 2055 836 2130 Capitolium,
870 2055 1043 2112 vobis
1075 2073 1211 2111 aras
1244 2055 1580 2121 Penatium,
1614 2054 1787 2109 vobis
1823 2055 1995 2110 illum
2025 2055 2116 2129 ig-

359 2152 496 2191 nem
542 2134 769 2191 Vestae
826 2135 1273 2209 sempiternum,
1322 2134 1494 2190 vobis
1544 2132 1812 2189 omnium
1864 2135 2116 2191 deorum

251 2213 326 2269 25
359 2215 584 2288 templa
612 2221 791 2288 atque
820 2215 1087 2283 delubra,
1114 2214 1288 2270 vobis
1317 2230 1521 2269 muros
1553 2218 1732 2287 atque
1757 2213 1924 2269 urbis
1955 2220 2119 2271 tecta

359 2295 754 2350 commendat.
828 2295 1152 2351 Praeterea
1180 2294 1253 2349 de
1276 2299 1481 2349 vestra
1510 2291 1651 2361 vita,
1684 2292 1757 2348 de
1788 2296 2117 2367 conjugum

360 2381 696 2431 vestrarum
733 2378 912 2448 atque
955 2374 1275 2429 liberorum
1323 2373 1541 2441 anima,
1574 2372 1647 2427 de
1691 2372 1953 2428 fortunis
1997 2390 2119 2429 om·

357 2454 542 2523 nium,
575 2454 648 2509 de
680 2454 943 2523 sedibus,
968 2454 1041 2510 de
1072 2453 1221 2508 focis
1243 2453 1465 2528 vestris
1494 2452 1782 2507 hodierno
1812 2452 1909 2508 die
1941 2453 2117 2509 vobis

366 2532 757 2605 judicandum
800 2539 909 2590 est.
997 2532 1258 2588 Habetis
1300 2532 1512 2588 ducem
1552 2548 1878 2587 memorem
1909 2532 2112 2602 vestri,

255 2612 330 2667 30
363 2612 616 2668 oblitum
639 2612 752 2681 sui,
775 2630 926 2686 quae
951 2630 1072 2668 non
1094 2629 1331 2685 semper
1351 2611 1609 2667 facultas
1633 2611 1842 2683 datur3
1874 2610 2115 2668 habetis

359 2709 570 2749 omnes
602 2692 856 2761 ordineS,
883 2709 1092 2748 omnes
1124 2691 1415 2758 homines,
1442 2691 1794 2758 universum
1825 2691 2115 2764 populum

363 2770 729 2840 Romanum,
764 2772 824 2826 id
867 2771 1025 2845 quod
1061 2771 1122 2826 in
1153 2771 1314 2827 civili
1346 2787 1529 2826 causa
1559 2770 1844 2825 hodierno
1875 2770 1972 2825 die
2004 2767 2118 2844 pri-

361 2868 523 2906 mum
553 2851 842 2918 videmus,
869 2868 1054 2905 unum
1086 2856 1267 2923 atque
1299 2850 1454 2905 idem
1488 2850 1862 2906 sentientem.
1939 2849 2118 2923 Cogi·

361 2934 488 2985 tate
516 2930 763 3003 quantis
803 2929 1109 2984 laboribus
1156 2930 1476 2985 fundatum
1521 2928 1854 3002 imperium,
1888 2937 2119 3002 quanta

258 3009 330 3063 35
364 3008 586 3062 virtute
618 3009 1335 3077 stabilitanslibertatem,
1369 3016 1595 3081 quanta
1635 3008 1878 3064 deorum
1913 3009 2121 3082 benig·

365 3086 555 3140 nitate
575 3097 786 3142 auctas
807 3094 1325 3161 exaggeratasque
1350 3089 1620 3143 fortunas
1640 3106 1760 3143 una
1783 3105 1903 3143 nox
1928 3106 2118 3161 paene

362 3164 590 3220 delerit.
679 3165 750 3219 Id
784 3182 855 3219 ne
887 3182 1171 3238 umquam
1202 3167 1454 3240 posthac
1484 3185 1602 3222 non
1633 3167 1811 3223 modo
1841 3184 1961 3222 non
1987 3183 2120 3226 con-

365 3241 476 3310 fici,
509 3242 615 3297 sed
647 3259 719 3297 ne
749 3243 1001 3314 cogitari
1030 3246 1272 3316 quidem
1310 3246 1506 3319 possit-
1536 3264 1569 3302 a
1600 3246 1854 3315 civibus,
1889 3246 2124 3306 hodien-
2169 3309 2182 3320 ,

365 3334 443 3372 no
473 3320 567 3374 die
599 3321 1034 3392 providendum
1063 3328 1191 3380 est:
1224 3330 1401 3397 atque
1435 3325 1579 3381 haec
1608 3343 1728 3381 non
1759 3331 1826 3382 ut
1858 3344 1986 3396 VOS,
2018 3323 2134 3402 φᾶ·
2177 3345 2212 3410 -ξ,

2179 3457 2244 3494 ³2
