2284 3717
226 99 311 165 24
747 118 822 164 M.
860 116 1118 164 TULLII
1167 116 1568 163 CICERONIS

331 276 459 328 tam
503 273 839 348 improbum
872 275 973 349 qui
1017 292 1138 330 non
1178 274 1460 331 fateatur.
1547 274 1684 331 Hoc
1730 281 1941 332 autem
1992 293 2116 332 uno

332 351 651 409 interfecto
693 354 969 428 intelligo
1020 353 1176 410 hanc
1219 354 1307 410 rei
1353 354 1626 428 publicae
1681 363 1922 428 pestem
1967 373 2119 430 pau-

333 431 516 506 lisper
560 433 823 507 reprimi,
867 451 986 490 non
1032 434 1092 489 in
1142 440 1496 508 perpetuum
1543 434 1857 507 comprimi
1906 452 2111 507 posse.

335 510 510 581 Quod
575 512 628 568 si
692 530 755 569 se
813 513 1055 586 ejecerit
1111 530 1433 586 secumque
1491 531 1635 570 suos
1699 514 1990 570 eduxerit
2051 524 2111 570 et

266 591 300 647 5
332 590 543 647 eodem
576 598 805 648 ceteros
833 592 1095 666 undique
1126 591 1408 648 collectos
1446 592 1770 666 naufragos
1808 610 2111 666 aggrega-

332 670 504 740 verit,
540 673 961 745 exstinguetur
1004 678 1183 745 atque
1223 671 1522 728 delebitur
1564 690 1681 727 non
1722 673 1911 728 modo
1959 672 2109 729 hacc

330 752 458 805 tam
484 751 694 807 adulta
716 752 801 807 rei
830 751 1103 827 publicae
1131 750 1340 826 pestis
1362 768 1573 807 verum
1596 751 1779 807 etiam
1814 752 2009 827 stirps
2040 768 2108 809 ae

333 844 537 886 semen
566 831 863 887 malorum
895 831 1177 887 omnium.

415 911 502 966 13.
569 910 813 967 Etenim
863 912 989 984 jam
1045 910 1168 978 diu,
1219 915 1425 984 patres
1483 908 1831 984 conscripti,
1884 910 1950 967 in
2008 908 2107 967 his

229 987 302 1043 10
330 988 613 1060 periculis
644 989 1073 1063 conjurationis
1114 989 1471 1064 insidiisque
1501 1006 1834 1059 versamur,
1865 990 1975 1047 sed
2010 1006 2109 1045 ne-

333 1067 456 1124 scio
488 1087 606 1143 quo
649 1075 827 1144 pacto
871 1069 1138 1125 omnium
1183 1068 1473 1126 scelerum
1517 1086 1586 1124 ac
1615 1068 1846 1125 veteris
1882 1068 2106 1126 furoris

331 1152 392 1202 et
433 1149 721 1205 audaciae
761 1149 1085 1205 maturitas
1128 1148 1192 1217 in
1234 1148 1428 1204 nostri
1470 1147 1827 1205 consulatus
1859 1154 2105 1223 tempus

330 1228 561 1301 erupit:
603 1228 762 1302 quod
792 1227 842 1283 si
864 1245 940 1283 ex
961 1230 1135 1284 tanto
1164 1227 1479 1284 latrocinio
1503 1227 1622 1286 iste
1644 1245 1805 1283 unus
1828 1228 2102 1297 tolletur,

334 1304 669 1364 videbimur
698 1307 956 1363 fortasse
1002 1308 1075 1363 ad
1123 1307 1302 1363 breve
1334 1306 1638 1382 quoddam
1680 1314 1929 1382 tempus
1960 1324 2106 1365 cura

230 1383 299 1440 15
332 1389 393 1440 et
421 1394 586 1443 metu
625 1404 756 1443 esse
786 1386 1055 1456 relevati,
1086 1385 1416 1461 periculum
1458 1391 1661 1442 autem
1703 1387 2004 1444 residebit
2042 1392 2107 1443 et

331 1463 446 1521 erit
488 1467 785 1523 inclusum
827 1467 1070 1541 penitus
1111 1467 1173 1521 in
1219 1465 1389 1521 venis
1431 1471 1612 1539 atque
1656 1464 1719 1521 in
1762 1466 2104 1523 visceribus

330 1543 416 1599 rei
447 1546 736 1618 publicae.
825 1546 915 1603 Ut
944 1563 1122 1620 saepe
1156 1544 1432 1601 homines
1462 1544 1625 1617 aegri
1656 1545 1870 1601 morbo
1902 1546 2100 1621 gravi,

332 1640 466 1679 cum
501 1635 671 1683 aestu
708 1625 975 1699 febrique
1008 1626 1333 1698 jactantur,
1366 1624 1418 1680 si
1449 1640 1668 1697 aquam
1712 1624 1982 1697 gelidam
2021 1624 2105 1682 bi-

330 1702 543 1775 berint,
564 1706 759 1781 primo
782 1704 1034 1761 relevari
1059 1704 1358 1772 videntur,
1381 1703 1594 1759 deinde
1618 1703 1810 1760 multo
1844 1705 2100 1778 gravius

228 1783 302 1839 20
336 1783 873 1859 vehementiusque
922 1782 1295 1852 afflictantur,
1329 1782 1415 1839 sic
1444 1781 1542 1838 hic
1570 1783 1836 1852 morbus,
1869 1785 1975 1859 qui
2006 1789 2102 1840 est

332 1860 393 1918 in
443 1881 506 1920 re
554 1864 812 1939 publica,
857 1863 1165 1919 relevatus
1214 1862 1393 1918 istius
1434 1878 1631 1935 poena
1671 1862 2099 1921 vehementius

331 1942 575 2018 reliquis
601 1944 759 2001 vivis
789 1944 1187 2016 ingravescet.
1267 1941 1466 2014 Quare
1497 1941 1784 1997 secedant
1814 1942 2097 2017 improbi,

333 2029 652 2080 secernant
681 2041 744 2080 se
791 2040 826 2079 a
860 2022 1052 2090 bonis,
1084 2039 1270 2076 unum
1312 2021 1372 2076 in
1402 2020 1595 2076 10011111
1629 2029 2096 2095 congregentur,

332 2119 505 2159 muro
535 2102 807 2177 denique,
838 2102 900 2158 id
930 2101 1092 2175 quod
1127 2118 1305 2175 saepe
1336 2101 1465 2172 jam
1494 2099 1639 2169 dixi,
1672 2099 2102 2159 discernantur

229 2181 302 2238 25
336 2198 372 2237 a
415 2183 625 2254 nobis3
672 2182 954 2239 desinant
995 2180 1268 2236 insidiari
1308 2178 1471 2235 domi
1515 2195 1660 2234 suae
1704 2180 1962 2250 consuli,
1996 2182 2102 2238 cir-

333 2267 632 2318 cumstare
681 2259 950 2317 tribunal
1007 2260 1303 2333 praetoris
1353 2257 1584 2327 urbani,
1629 2258 1909 2316 obsidere
1960 2278 2099 2317 cum

332 2340 553 2414 gladiis
590 2341 833 2408 curiam,
860 2338 1173 2395 malleolos
1201 2344 1263 2394 et
1290 2337 1452 2393 faces
1483 2337 1558 2393 ad
1592 2335 2098 2396 inflammandam

331 2421 540 2476 urbem
583 2437 966 2494 comparare3
1011 2418 1091 2474 sit
1120 2417 1373 2491 denique
1415 2414 1768 2489 inscriptum
1800 2417 1866 2472 in
1897 2418 2096 2476 fronte

334 2501 513 2557 unius
555 2502 841 2574 cujusque
886 2497 1027 2572 quid
1070 2497 1143 2553 de
1187 2514 1249 2553 re
1297 2495 1539 2570 publica
1585 2495 1827 2553 sentiat.
1920 2497 2102 2555 Polli-

227 2582 301 2638 30
333 2597 469 2637 ceor
515 2580 627 2637 hoc
670 2579 857 2648 vobis,
895 2582 1101 2650 patres
1143 2573 1484 2648 conscripti,
1524 2577 1763 2629 tantam
1808 2575 1874 2632 in
1921 2578 2099 2635 nobis

331 2660 680 2717 consulibus
710 2658 832 2714 fore
861 2654 1254 2729 diligentiam,
1281 2660 1514 2710 tantam
1545 2651 1605 2706 in
1629 2653 1808 2709 vobis
1840 2659 2101 2714 auctori-

330 2745 537 2809 tatem,
553 2743 786 2795 tantam
808 2737 869 2791 in
889 2734 1191 2808 equitibus
1217 2730 1511 2789 Romanis
1527 2731 1833 2802 virtutem,
1851 2743 2095 2793 tantam

333 2820 394 2875 in
427 2819 704 2876 omnibus
733 2814 907 2871 bonis
937 2813 1411 2879 consensionem,
1433 2817 1501 2866 ut
1532 2809 1839 2868 Catilinae
1870 2816 2101 2887 profec-

330 2899 494 2955 tione
526 2897 728 2953 omnia
755 2894 1076 2969 patefacta,
1109 2892 1428 2960 illustrata,
1453 2903 1757 2964 oppressa,
1780 2892 2100 2952 vindicata

227 2980 300 3036 35
331 2995 462 3034 esse
494 2975 771 3033 videatis,

413 3056 601 3113 Hisce
627 3053 941 3118 ominibus,
967 3049 1248 3118 Catilina,
1272 3066 1406 3106 cum
1438 3062 1675 3103 summa
1697 3048 1784 3104 rei
1815 3051 2097 3122 publicae

333 3136 546 3202 salute,
568 3150 704 3190 cum
730 3137 836 3187 tua
863 3136 1032 3205 peste
1065 3147 1133 3185 ac
1161 3128 1421 3203 pernicie
1451 3142 1703 3198 cumque
1733 3145 1946 3186 eorum
1981 3135 2100 3190 exi-

332 3214 434 3281 tio,
465 3213 567 3286 qui
604 3229 667 3268 se
695 3215 893 3266 tecum
926 3208 1087 3265 omni
1135 3209 1354 3264 scelere
1400 3204 1845 3280 parricidioque
1887 3210 2100 3283 junxe-

333 3296 490 3359 runt,
537 3289 909 3362 proficiscere
960 3288 1036 3344 ad
1083 3286 1336 3362 impium
1388 3284 1613 3342 bellum
1663 3301 1733 3340 ae
1773 3288 2094 3352 nefarium,

2265 327 2273 428 l

2265 489 2273 598 1

2267 643 2273 734 ι

2267 793 2273 888 ι

2259 2279 2273 2386 1

2263 2431 2273 2546 1

2263 2571 2273 2696 1

2265 2737 2273 2828 ι

2267 2883 2273 2978 ι
