2284 3717
228 179 346 239 166
743 194 819 243 u.
850 194 1109 242 'runnu
1158 193 1554 242 olcnnoms

326 351 393 412 C.
429 350 671 423 Caesar,
700 352 909 423 utitur,
935 370 1107 410 suam
1139 352 1321 410 citius
1362 350 1601 426 ainciet
1643 350 2086 411 humanitatem

324 450 507 507 quam
538 433 920 508 extorquebit
948 439 1134 489 tuam.

409 515 458 571 6.
494 514 588 571 Ac
618 514 846 586 primus
883 513 1084 569 aditus
1112 518 1175 569 et
1196 511 1525 587 postulatio
1549 511 1896 569 Tuberonis
1927 513 2086 582 haec,

326 598 395 648 ut
437 593 663 667 opinor,
697 593 828 663 fuit,
861 593 1016 650 velle
1055 610 1119 649 se
1151 593 1223 649 de
1256 591 1325 663 Q.
1353 591 1586 666 Ligarii
1618 592 1842 648 scelere
1877 593 2085 650 dicere.

259 675 296 732 5
327 670 467 728 Non
497 672 709 730 dubito
748 673 897 747 quin
941 672 1276 729 admiratus
1322 671 1424 741 sis,
1459 671 1554 727 vel
1585 672 1747 745 quod
1792 673 1868 728 de
1929 672 2089 728 nullo

329 750 449 808 alio
499 753 839 827 quisquam,
892 753 988 809 vel
1037 752 1201 826 quod
1245 751 1316 822 is,
1363 750 1465 824 qui
1522 751 1585 807 in
1640 752 1856 808 eadem
1910 769 2092 809 causa

330 830 564 901 suisset,
598 832 692 889 vel
738 833 1027 907 quidnam
1057 831 1203 889 novi
1248 830 1491 888 sceleris
1530 829 1805 888 adferret.
1883 831 2091 889 Scelus

326 917 397 968 tu
440 911 588 969 illud
620 929 819 983 vocaS,
851 909 1135 969 Tubero?
1222 908 1385 969 Cur?
1468 910 1601 968 Isto
1643 910 1805 968 enim
1850 913 2092 968 nomine

329 991 434 1047 illa
463 991 663 1049 adhuc
690 1010 876 1049 causa
903 993 1133 1049 caruit:
1178 991 1282 1047 alii
1319 1007 1579 1048 errorem
1625 990 1958 1065 appellant,
1992 991 2093 1047 alii

226 1072 299 1129 10
328 1071 645 1145 timorem;
715 1072 818 1147 qui
875 1073 1101 1141 duriuS‚
1155 1088 1343 1146 spem,
1394 1070 1811 1144 cupiditatem,
1866 1071 2091 1140 odium,

328 1151 766 1225 pertinaciam3
824 1152 929 1226 qui
973 1151 1350 1226 gravissime,
1389 1150 1832 1208 temeritatem:
1896 1150 2095 1208 scelus

326 1237 568 1305 praeter
612 1238 672 1288 te
716 1231 911 1289 adhue
957 1249 1149 1288 nem0.
1235 1231 1331 1287 Ac
1372 1229 1520 1286 mihi
1564 1230 1828 1304 quidem,
1872 1231 1926 1286 si
1968 1247 2098 1306 pro·

327 1311 524 1384 prium
555 1315 618 1368 et
648 1329 851 1368 verum
883 1329 1100 1368 nomen
1129 1310 1323 1367 nostri
1354 1310 1498 1366 mali
1528 1310 1853 1384 quaeritur,
1888 1310 2095 1367 fatalis

331 1391 629 1464 quaedam
659 1392 974 1449 calamitas
1014 1391 1301 1448 incidisse
1331 1390 1572 1446 videtur
1611 1395 1675 1445 et
1716 1389 2098 1464 improvidas

228 1470 299 1527 15
331 1468 643 1527 hominum
669 1480 900 1528 mentes
923 1471 1332 1546 occupavisse,
1353 1475 1424 1525 ut
1446 1487 1619 1525 nemo
1642 1469 1846 1525 mirari
1874 1470 2097 1527 debeat

331 1548 599 1606 humana
639 1552 890 1608 consilia
934 1551 1142 1608 divina
1187 1549 1547 1606 necessitate
1592 1565 1725 1606 esse
1785 1556 2092 1623 superata.

333 1629 547 1687 Liceat
589 1648 723 1687 esse
768 1630 1054 1688 miseros:
1112 1647 1482 1705 quamquam
1530 1628 1643 1685 hoc
1686 1628 1918 1686 victore
1962 1647 2096 1687 esse

331 1725 450 1765 non
492 1727 831 1785 possumus,
921 1709 1040 1768 Sed
1083 1728 1205 1766 non
1237 1709 1449 1783 loquor
1491 1709 1564 1764 de
1595 1708 1808 1766 nobis:
1854 1710 1931 1766 de
1976 1710 2097 1767 illis

330 1787 556 1864 loquor,
589 1791 691 1864 qui
723 1791 1083 1847 occiderunt.
1144 1788 1400 1845 Fuerint
1430 1788 1646 1863 cupidi,
1678 1788 1904 1845 fuerint
1936 1789 2094 1861 irati,

223 1870 299 1926 20
330 1868 553 1926 fuerint
608 1870 982 1944 pertinaces:
1044 1869 1287 1926 sceleris
1335 1885 1478 1925 vero
1535 1867 1803 1937 crimine,
1850 1868 2095 1940 furoris,

327 1949 631 2023 parricidii
676 1950 858 2006 liceat
890 1950 998 2007 Cn.
1035 1949 1323 2024 Pompeio
1370 1954 1625 2017 mortu0,
1658 1947 1840 2005 liceat
1882 1949 2099 2006 multis

332 2028 467 2085 aliis
511 2047 727 2087 carere.
815 2030 1076 2103 Quando
1120 2028 1233 2085 hoc
1261 2028 1578 2102 quisquam
1625 2044 1699 2083 ex
1728 2032 1807 2097 te,
1843 2027 2094 2101 Caesar,

330 2109 583 2181 audivit,
617 2116 725 2166 aut
752 2114 861 2166 tua
888 2110 1032 2184 quid
1062 2108 1229 2165 aliud
1266 2125 1434 2163 arma
1463 2106 1787 2163 voluerunt
1815 2107 1938 2164 nisi
1970 2126 2008 2164 a
2035 2117 2097 2165 te

326 2189 752 2246 contumeliam
783 2185 1184 2263 propulsare?
1270 2186 1430 2258 Quid
1471 2185 1602 2259 egit
1637 2193 1782 2242 tuus
1825 2187 2098 2245 invictus

222 2267 295 2324 25
328 2268 643 2335 exercitus,
677 2269 794 2325 nisi
839 2275 909 2325 ut
947 2286 1125 2326 suum
1165 2269 1267 2340 jus
1311 2272 1580 2322 tueretur
1620 2271 1683 2322 et
1726 2265 2096 2338 dignitatem

328 2346 542 2405 tuam?
618 2347 822 2420 Quid?
895 2348 1006 2419 Tu,
1039 2365 1177 2405 cum
1212 2364 1418 2421 pacem
1450 2361 1581 2401 esse
1611 2345 1917 2420 cupiebas,
1951 2347 2095 2404 idne

329 2428 572 2499 agebaS,
605 2435 674 2485 ut
703 2428 815 2484 tibi
845 2446 980 2484 eum
1018 2426 1343 2495 sceleratiS,
1377 2443 1452 2481 an
1482 2430 1552 2480 ut
1581 2442 1717 2480 cum
1745 2424 1925 2483 bonis
1954 2427 2099 2484 civi-

328 2504 441 2562 bus
498 2505 891 2564 conveniret?
995 2506 1155 2563 Mihi
1214 2523 1374 2574 ver0,
1423 2503 1662 2574 Caesar,
1710 2511 1821 2561 tua
1875 2506 1941 2562 in
1995 2524 2094 2564 me

327 2587 594 2643 maxima
621 2588 838 2643 merita
864 2592 1040 2644 tanta
1069 2592 1230 2644 certe
1265 2601 1389 2641 non
1417 2583 1780 2654 viderentur,
1814 2585 1864 2641 si
1897 2603 1996 2642 me
2026 2592 2098 2644 ut

222 2665 298 2721 30
330 2664 689 2723 sceleratum
722 2684 757 2723 a
784 2672 845 2724 te
881 2671 1304 2723 conservatum
1347 2668 1640 2737 putarem.
1729 2663 1866 2736 Quo
1909 2667 2094 2723 modo

331 2749 534 2801 autem
563 2753 632 2802 tu
663 2746 736 2803 de
764 2764 830 2803 re
857 2746 1100 2820 publica
1140 2745 1290 2802 bene
1334 2743 1586 2799 meritus
1615 2759 1798 2811 esses,
1830 2760 1967 2801 cum
1999 2751 2096 2803 tot

330 2823 657 2882 sceleratos
680 2825 966 2882 ineolumi
989 2826 1290 2899 dignitate
1320 2839 1454 2879 esse
1479 2820 1824 2880 voluisses?
1887 2823 2096 2882 Seces-

329 2901 557 2960 sionem
608 2909 675 2960 tu
729 2905 897 2961 illam
945 2902 1391 2971 existimavisti,
1441 2901 1680 2970 Caesar,
1728 2902 1923 2972 initio,
1968 2922 2092 2964 non

327 2980 566 3052 bellum,
597 3000 791 3057 neque
839 2984 1059 3042 hostile
1105 2984 1325 3051 odium,
1372 2971 1482 3038 sed
1526 2981 1698 3038 civile
1742 2983 2088 3057 discidium,

221 3061 295 3117 35
329 3062 597 3136 utrisque
655 3063 1035 3136 cupientibus
1097 3081 1222 3120 rem
1286 3061 1592 3136 publicam
1663 3062 1920 3132 salvam,
1980 3066 2089 3124 sed

325 3141 549 3210 partim
582 3142 866 3212 consiliis,
897 3142 1119 3214 partim
1163 3141 1386 3198 studiis
1423 3158 1457 3196 a
1488 3142 1789 3197 communi
1824 3143 2089 3203 utilitate

325 3216 762 3274 aberrantibus
850 3220 1200 3293 Principum
1232 3217 1503 3294 dignitas
1544 3224 1676 3275 erat
1717 3239 1912 3295 paene
1954 3217 2087 3298 par,

326 3306 445 3345 non
474 3310 586 3365 par
607 3296 860 3351 fortasse
890 3314 1113 3366 eorum,
1140 3300 1244 3371 qui
1274 3299 1708 3373 sequebantur;
1738 3318 1924 3359 causa
1953 3311 2088 3362 tum

321 3364 521 3436 dubia,
552 3370 713 3446 quod
741 3379 872 3429 erat
900 3374 1126 3447 aliquid
1156 3377 1220 3432 in
1248 3383 1503 3451 utraque
1532 3384 1726 3452 parte,
1757 3382 1921 3456 quod
1952 3400 2090 3459 pro·
