2284 3717
290 104 414 169 110
795 119 869 167 Μ.
917 118 1178 166 ‘runnu
1230 119 1627 166 cmm-*coms

392 276 505 334 hac
533 293 734 345 causa,
762 274 1012 349 judiceS,
1045 274 1110 333 T.
1147 276 1336 333 Annii
1367 276 1675 333 tribunatu
1705 275 2009 351 rebusque
2031 293 2156 333 om-

392 357 571 414 nibus
594 374 700 429 pro
724 357 918 412 salute
939 355 1024 412 rei
1053 356 1329 431 publicae
1354 357 1547 430 gestis
1570 357 1645 413 ad
1680 357 1856 429 hujus
1881 356 2154 412 criminis

392 437 802 493 defensionem
833 453 953 492 non
984 437 1333 494 abutemur:
1379 436 1496 493 nisi
1525 437 1714 494 oculis
1745 436 2027 492 videritis
2070 435 2156 491 in-

392 516 577 573 sidias
602 515 817 572 Miloni
849 534 884 571 a
910 516 1122 582 Clodio
1149 517 1358 587 factaS,
1383 534 1492 573 nec
1515 516 1890 591 deprecaturi
1917 532 2151 585 sumne,

326 598 360 653 5
393 604 459 652 ut
500 597 723 652 crimen
755 595 866 652 hoc
899 596 1070 652 nobis
1099 603 1341 672 propter
1370 597 1561 653 multa
1589 597 1901 670 praeclara
1930 595 1994 651 in
2022 611 2152 651 rem

390 676 695 750 publicam
738 676 955 732 merita
995 676 1365 747 condonetis,
1410 694 1518 733 nec
1559 675 1945 751 postulaturi,
1977 681 2064 743 ut,
2100 674 2153 730 si

391 773 554 812 mors
599 755 665 811 P.
704 754 900 812 Clodii
946 757 1110 813 salus
1141 762 1346 813 vestra
1389 757 1584 824 fuerit,
1617 757 1837 813 idcirco
1868 772 2004 811 eam
2037 754 2153 812 vir-

393 836 508 904 tuti
543 835 791 891 Milonis
834 836 1036 910 potius
1080 853 1257 910 quam
1305 837 1512 911 populi
1558 836 1824 892 Romani
1872 833 2152 890 felicitati

393 915 766 989 adsignetis3
812 916 917 971 sed
948 915 999 971 si
1030 915 1193 971 illius
1236 916 1492 972 insidiae
1534 916 1816 973 clariores
1861 914 1977 971 hac
2018 913 2153 969 luce

292 995 362 1062 LO
394 994 631 1063 fuerint,
677 1001 805 1051 tum
849 995 1106 1070 denique
1152 995 1476 1053 obsecrabo
1520 996 1989 1069 obtestaborque
2019 1010 2151 1061 VOS,

398 1075 647 1148 judiceS,
681 1074 732 1132 si
775 1083 973 1131 cetera
1010 1075 1346 1166 amisimus,
1380 1076 1491 1133 hoc
1521 1076 1733 1132 saltem
1764 1076 1942 1132 nobis
1972 1079 2041 1129 ut
2067 1089 2150 1128 re·

395 1153 715 1228 linquatur,
749 1154 870 1211 ab
855 1155 1234 1212 inimicorum
1267 1156 1520 1214 audacia
1561 1156 1817 1230 telisque
1848 1154 2036 1211 vitam
2083 1157 2154 1208 ut

396 1233 637 1309 impune
668 1234 847 1291 liceat
875 1235 1210 1293 defendere.

476 1317 528 1371 3.
576 1312 695 1371 Sed
740 1321 877 1371 ante
921 1332 1103 1388 quam
1135 1316 1211 1372 ad
1240 1333 1374 1372 eam
1404 1315 1730 1372 orationem
1764 1313 1964 1384 venie,
1998 1329 2151 1387 quae

294 1394 364 1451 15
395 1398 489 1450 est
534 1395 779 1469 propria
830 1400 1066 1451 vestrae
1123 1395 1514 1469 quaestionis,
1563 1395 1846 1451 videntur
1895 1412 1969 1450 ea
2020 1409 2155 1448 esse

394 1474 731 1543 refutanda,
764 1492 915 1548 quae
960 1481 1023 1530 et
1065 1474 1125 1531 in
1172 1480 1388 1531 senatu
1419 1476 1495 1532 ab
1525 1474 1783 1531 inimicis
1814 1491 1996 1546 saepe
2034 1473 2158 1545 jac-

395 1557 528 1610 tata
573 1559 715 1609 sunt
743 1560 805 1610 et
832 1554 890 1609 in
924 1554 1208 1611 concione
1240 1555 1313 1610 ab
1344 1554 1630 1630 improbis
1675 1560 1735 1610 et
1778 1553 1962 1628 paulo
2014 1562 2158 1609 ante

397 1633 473 1688 ab
505 1633 972 1703 accusatoribus
1007 1640 1074 1690 ut
1104 1635 1267 1691 omni
1298 1652 1493 1691 errore
1525 1634 1762 1690 sublato
1794 1651 1919 1689 rem
1951 1633 2156 1706 plane,

395 1730 548 1786 quae
594 1714 798 1769 veniat
843 1713 901 1769 in
942 1715 1254 1786 judicium,
1299 1715 1498 1771 videre
1548 1714 1814 1787 possitis.
1906 1712 2162 1786 Negant

291 1792 365 1847 ‘20
397 1792 612 1848 intueri
646 1793 840 1849 lucem
870 1811 1001 1849 esse
1034 1794 1125 1851 fas
1154 1795 1226 1864 ei,
1260 1795 1360 1868 qui
1394 1813 1428 1851 a
1459 1812 1520 1851 se
1553 1794 1852 1850 hominem
1885 1793 2160 1849 occisum

396 1889 528 1927 esse
573 1872 846 1929 fateatur.
933 1873 1008 1929 In
1058 1892 1177 1947 qua
1224 1875 1470 1931 tandem
1520 1874 1662 1930 urbe
1713 1873 1824 1929 hoc
1875 1872 2161 1930 homines

394 1951 743 2008 stultissimi
773 1951 1132 2026 disputant?
1218 1953 1451 2027 Nempe
1485 1954 1543 2009 in
1574 1972 1662 2022 ea,
1695 1970 1845 2027 quae
1889 1953 2160 2026 primum

400 2031 694 2104 judicium
737 2032 809 2088 de
840 2032 1034 2106 capite
1066 2032 1220 2089 vidit
1265 2033 1345 2091 M.
1382 2033 1639 2102 Horatii,
1673 2032 1991 2089 fortissimi
2024 2033 2159 2100 viri,

393 2111 496 2184 qui
541 2112 804 2168 nondum
858 2112 1042 2169 libera
1087 2112 1335 2170 civitate
1380 2119 1584 2169 tamen
1629 2111 1836 2186 populi
1883 2111 2160 2169 Romani

290 2187 362 2243 25
395 2191 657 2246 comitiis
703 2191 993 2248 liberatus
1035 2197 1143 2260 est,
1177 2210 1312 2250 cum
1356 2211 1467 2250 sua
1509 2210 1691 2248 manu
1722 2208 1991 2248 sororem
2022 2209 2158 2249 esse

396 2269 774 2327 interfectam
827 2272 1136 2328 fateretur.
1214 2273 1316 2328 An
1365 2285 1460 2330 est
1515 2272 1834 2347 quisquam
1885 2272 1992 2346 qui
2046 2272 2160 2328 hoc

393 2349 647 2423 ignoret,
682 2368 816 2407 cum
849 2351 920 2407 de
946 2350 1188 2408 homine
1211 2353 1406 2410 occiso
1436 2361 1776 2427 quaeratur,
1804 2359 1910 2407 aut
1941 2351 2157 2425 negari

396 2430 584 2488 solere
617 2431 858 2486 omnino
887 2448 1019 2487 esse
1052 2431 1276 2487 factum
1326 2438 1431 2489 aut
1475 2439 1632 2488 recte
1664 2438 1724 2489 et
1759 2433 1894 2504 jure
1926 2431 2156 2488 factum

394 2527 525 2566 esse
569 2507 849 2567 defendi?
934 2510 1068 2566 Nisi
1099 2529 1242 2568 vero
1286 2512 1649 2569 existimatis
1692 2512 2040 2567 dementem
2087 2511 2152 2569 P.

290 2587 366 2641 30
399 2588 752 2646 Africanum
796 2590 1000 2658 fuisse,
1046 2591 1150 2664 qui
1200 2609 1334 2648 cum
1388 2610 1423 2647 a
1474 2591 1536 2649 C.
1588 2591 1864 2648 Carbone
1908 2592 2155 2648 tribuno

396 2669 611 2741 plebis—
634 2669 918 2726 seditiose
949 2669 1010 2725 in
1042 2671 1325 2727 concione
1369 2672 1855 2743 interrogaretur,
1887 2671 2039 2745 quid
2082 2672 2154 2728 de

398 2747 487 2804 Ti.
525 2748 779 2807 Gracchi
811 2762 1003 2806 morte
1035 2751 1303 2819 sentiret,
1336 2751 1712 2824 responderit
1743 2752 1876 2823 jure
1909 2769 2153 2807 caesum

397 2828 602 2884 videri.
690 2828 901 2902 Neque
930 2829 1088 2885 enim
1120 2836 1330 2903 posset
1359 2837 1463 2887 aut
1494 2830 1695 2886 Ahala
1721 2830 1821 2885 ille
1855 2828 2153 2887 Servilius

397 2916 501 2963 aut
534 2906 597 2962 l’.
631 2906 853 2964 Nasica
884 2915 988 2964 aut
1021 2908 1086 2965 L.
1116 2909 1394 2982 Opimius
1425 2917 1528 2966 aut
1562 2909 1626 2967 O.
1657 2909 1890 2966 Marius
1923 2917 2033 2972 aut
2062 2927 2150 2966 me

291 2987 362 3043 35
396 2986 637 3042 consule
686 2995 933 3044 senatus
984 3006 1100 3050 non
1148 2991 1413 3045 nefarius
1458 2990 1677 3058 haberi,
1728 2990 1777 3046 si
1826 2990 2151 3047 sceleratos

394 3065 555 3121 cives
585 3066 832 3122 interfici
870 3068 1036 3122 nefas
1065 3075 1242 3126 esset.
1332 3068 1546 3144 ltaque
1592 3069 1718 3138 hoc,
1742 3069 2002 3142 judices,
2036 3087 2147 3127 non

397 3144 525 3198 sine
573 3161 754 3199 causa
798 3146 979 3201 etiam
1030 3147 1182 3202 lictis
1225 3148 1444 3204 fabulis
1490 3149 1824 3205 doctissimi
1875 3148 2148 3206 homines

394 3221 719 3276 memoriae
759 3221 1169 3294 prodiderunt,
1221 3244 1376 3296 eum,
1429 3228 1531 3318 qui
1573 3229 1766 3302 patris
1815 3228 2145 3286 ulciscendi

399 3312 583 3352 causa
611 3305 866 3354 matrem
898 3301 1253 3373 necavisset,
1285 3307 1538 3364 variatis
1574 3307 1888 3364 hominum
1920 3315 2150 3366 senten
