2284 3717
289 150 376 198 IN
428 150 504 196 M.
537 148 944 196 ANTomnM
996 148 1273 194 ORATIO
1324 148 1770 195 PmmPPmA
1804 148 1854 196 1.
1923 132 2048 197 175

181 324 458 365 sermone
489 305 854 379 laudabant3
886 305 1156 363 veterani
1186 304 1288 380 qui
1324 305 1795 380 appellabantur,
1818 305 1945 380 qui-

179 389 292 444 bus
322 387 420 443 hic
449 387 599 443 ordo
643 385 1101 459 diligentissime
1147 392 1409 455 caverat,
1442 403 1562 441 non
1603 386 1679 442 ad
1710 403 1944 442 conser-

185 468 491 523 vationem
523 482 731 521 earum
762 483 978 533 rerum,
1006 482 1159 538 quas
1185 464 1506 532 habebant,
1529 465 1634 521 sed
1666 465 1738 520 ad
1772 482 1941 539 spem

179 564 481 603 novarum
503 545 862 619 praedarum
886 545 1311 601 incitabantur.
1386 544 1556 616 Quae
1576 562 1708 600 cum
1736 546 1941 600 audire

178 626 423 682 mallem
451 642 635 699 quam
665 625 863 679 videre
895 624 1297 698 haberemque
1319 626 1420 697 jus
1453 624 1775 697 legationis
1805 624 1943 679 libe·
2012 627 2048 683 5

179 723 332 773 rum,
365 723 439 761 ea
469 711 671 759 mente
715 704 984 772 discessi,
1018 710 1086 759 ut
1122 705 1396 760 adessem
1431 703 1729 760 Kalendis
1756 704 1796 759 J
1804 721 1943 759 anu-

180 786 343 853 ariiS,
377 783 542 857 quod
576 783 816 838 initium
848 788 1094 840 senatus
1123 784 1379 858 cogendi
1411 783 1532 839 fore
1566 783 1896 839 videbatur.

261 868 313 921 3.
361 863 656 937 Exposui,
700 869 903 936 patres
942 863 1281 935 conscripti,
1321 863 1713 937 profectionis
1756 862 1945 918 consi-

178 943 362 1000 lium:
388 960 549 999 nunc
567 941 947 1011 reversionis,
965 960 1118 1017 quae
1137 942 1275 1015 plus
1295 943 1714 999 admirationis
1739 941 1940 1011 habet,

174 1022 450 1080 breviter
477 1014 793 1095 exponam.
882 1021 1037 1079 Cum
1068 1021 1459 1078 Brundisium
1502 1023 1732 1096 iterque
1775 1020 1941 1090 illud,
1977 1025 2050 1081 10

175 1102 342 1178 quod
381 1102 592 1158 tritum
640 1100 702 1155 in
748 1100 1063 1158 Graeciam
1106 1108 1217 1170 est,
1250 1119 1371 1158 non
1415 1102 1542 1157 sine
1586 1119 1769 1158 causa
1797 1101 1944 1156 vita-

175 1183 430 1250 vissem,
477 1180 776 1237 Kalendis
827 1179 1156 1237 Sextilibus
1200 1181 1339 1237 veni
1384 1180 1738 1256 Syracusae,
1784 1179 1945 1255 quod

177 1262 257 1318 ab
307 1279 382 1318 ea
432 1261 578 1316 urbe
628 1259 1014 1316 transmissio
1063 1261 1127 1316 in
1179 1260 1494 1318 Graeciam
1546 1261 1940 1317 laudabatur:

175 1359 336 1416 quae
366 1346 576 1396 tamen
606 1339 749 1394 urbs
778 1339 926 1396 mihi
969 1341 1463 1413 conjunctissima
1503 1341 1642 1415 plus
1683 1358 1805 1396 una
1847 1357 1943 1395 me

176 1427 359 1478 nocte
391 1420 644 1493 cupiens
679 1419 934 1475 retinere
977 1437 1097 1475 non
1139 1421 1372 1493 potuit:
1420 1421 1649 1476 veritus
1692 1437 1827 1476 sum
1870 1437 1943 1475 ne
1977 1423 2048 1479 15

178 1518 357 1558 meus
385 1499 741 1573 repentinus
774 1499 846 1554 ad
880 1516 1046 1555 meos
1075 1499 1448 1556 necessarios
1489 1500 1787 1556 adventus
1818 1516 1944 1554 sus·

177 1580 443 1656 picionis
467 1577 693 1652 aliquid
719 1578 996 1647 adferret,
1024 1579 1072 1634 si
1098 1596 1294 1634 essem
1318 1588 1738 1635 commoratus,
1789 1578 1944 1635 Cum

182 1667 391 1718 autem
424 1675 522 1714 me
551 1676 626 1713 ex
658 1656 864 1713 Sicilia
900 1659 974 1714 ad
1021 1658 1473 1732 Leucopetram,
1507 1659 1664 1732 quod
1694 1664 1788 1714 est
1817 1675 1948 1731 pro-

183 1738 556 1796 montorium
578 1737 722 1809 agri
750 1737 1182 1810 Regini,.venti
1214 1738 1593 1807 detulissent,
1617 1738 1690 1794 ab
1718 1755 1789 1793 eo
1813 1737 1944 1793 loco

184 1817 530 1880 conscendi,
579 1824 647 1871 ut
690 1818 1198 1890 transmitterem3
1244 1836 1350 1874 nec
1392 1817 1480 1874 ita
1522 1818 1776 1873 multum
1819 1835 1950 1891 pro-
1978 1820 2052 1875 20

186 1906 401 1956 vectus
451 1897 710 1969 rejectus
761 1903 966 1953 austro
1017 1913 1151 1953 sum
1201 1897 1264 1952 in
1312 1915 1448 1953 eum
1491 1897 1690 1970 ipsum
1733 1896 1945 1964 locum,

189 1979 349 2035 unde
381 1974 891 2048 conscenderam3
935 1994 1189 2050 cumque
1221 1976 1584 2052 intempesta
1626 1993 1746 2032 nox
1786 1981 1950 2031 esset

186 2057 674 2128 mansissemque
717 2055 778 2110 in
817 2056 961 2111 villa
992 2056 1057 2112 P.
1092 2056 1344 2125 Valerii,
1377 2056 1617 2114 comitis
1658 2062 1719 2112 et
1761 2055 1953 2111 famil·

186 2137 335 2193 iaris
365 2136 505 2205 mei,
531 2134 940 2209 postridieque
974 2135 1136 2208 apud
1160 2137 1416 2192 eundem
1442 2142 1689 2192 ventum
1713 2152 1951 2209 exspec-

186 2223 331 2274 tans
362 2231 688 2281 manerem,
723 2215 1057 2287 municipes
1091 2214 1313 2288 Regini
1357 2216 1695 2288 complures
1738 2215 1812 2270 ad
1856 2231 1950 2270 me
1982 2216 2055 2272 25

188 2301 511 2363 venerunt,
542 2310 615 2349 ex
646 2293 734 2349 eis
778 2294 1019 2367 quidam
1066 2293 1267 2350 Roma
1309 2302 1613 2351 recentes:
1658 2312 1694 2350 a
1736 2295 1951 2368 quibus

188 2377 455 2450 primum
501 2373 731 2446 accipio
776 2372 857 2430 M.
894 2373 1151 2437 Antonii
1195 2375 1561 2442 concionem,
1606 2392 1758 2447 quae
1802 2373 1951 2429 mihi

190 2456 283 2512 ita
323 2453 571 2529 placuit,
606 2458 672 2508 ut
714 2471 787 2509 ea
828 2452 984 2509 lecta
1025 2453 1097 2509 de
1140 2454 1480 2509 reversione
1523 2453 1784 2527 primum
1827 2471 1953 2509 coe-

189 2535 380 2610 perim
416 2532 700 2605 cogit-are.
789 2531 919 2587 Nec
949 2533 1036 2588 ita
1066 2532 1259 2589 multo
1291 2540 1426 2606 post
1466 2533 1729 2589 edictum
1775 2533 1951 2589 Bruti

194 2614 466 2671 adfertur
495 2617 557 2667 et
592 2611 804 2679 Cassii,
838 2612 996 2685 quod
1030 2612 1272 2686 quidem
1311 2613 1474 2680 mihi,
1508 2613 1763 2669 fortasse
1794 2612 1954 2686 quod
1984 2615 2062 2670 30

193 2710 304 2750 eos
331 2693 471 2767 plus
495 2690 681 2747 etiam
705 2691 788 2746 rei
813 2691 1083 2764 publicae
1109 2710 1288 2765 quam
1315 2693 1736 2748 familiaritatis
1759 2693 1955 2765 gratia

196 2773 404 2846 diligo,
431 2772 679 2845 plenum
707 2770 1028 2844 aequitatis
1050 2771 1382 2828 videbatur.
1448 2772 1773 2827 Addebant
1796 2789 1956 2845 prae·

193 2851 547 2909 terea—fit
596 2851 755 2906 enim
817 2850 1167 2924 plerumque
1217 2856 1287 2907 ut
1336 2851 1394 2919 ii,
1454 2852 1553 2925 qui
1617 2851 1753 2906 boni
1813 2851 1955 2924 quid

198 2931 418 2988 volunt
474 2931 726 2998 adferre,
779 2928 1088 3002 adfingant
1147 2930 1371 3004 aliquid
1428 2949 1543 3004 quo
1597 2930 1822 2986 faciant
1876 2931 1953 2997 id,

197 3012 364 3085 quod
392 3011 696 3076 nuntiant,
728 3008 1186 3065 laetius—rem
1229 3018 1693 3066 conventuram:
1739 3009 1959 3065 Kalen·
1988 3010 2063 3065 35

197 3090 302 3148 dis
331 3098 607 3147 senatum
639 3089 1010 3162 frequentem
1043 3089 1167 3144 fore
1193 3110 1206 3162 ;
1241 3090 1594 3157 Antonium,
1626 3088 1959 3162 repudiatis

197 3169 384 3229 malis
413 3169 783 3237 suasoribuS,
808 3167 1076 3233 remissis
1105 3168 1432 3242 provinciis
1465 3168 1682 3226 Galliis
1707 3167 1783 3223 ad
1828 3184 1961 3223 auc-

199 3247 510 3308 toritatem
542 3253 790 3305 senatus
820 3265 953 3303 esse
983 3248 1336 3304 rediturum.

292 3330 344 3383 4.
389 3327 541 3385 Tum
585 3345 728 3384 vero
770 3333 945 3383 tanta
989 3343 1121 3382 sum
1175 3325 1508 3399 cupiditate
1557 3324 1838 3378 incensus
1886 3319 1964 3375 ad

620 3541 647 3555 Ο
