2284 3717
165 123 293 186 202
674 138 750 185 M.
796 137 1057 185 'runnu
1109 138 1513 185 οισι-11101113

274 294 672 352 Brundisium
715 295 955 370 quidem
999 296 1311 371 pervenit3
1353 313 1468 370 ego
1513 293 1785 353 Siciliam
1831 300 2030 355 totam

273 374 721 449 quinquaginta
749 375 962 432 diebus
993 375 1080 432 sic
1109 377 1251 445 obii,
1279 381 1348 432 ut
1369 375 1637 432 omnium
1659 377 2031 450 populorum

271 454 765 530 privatorumque
798 455 1034 512 litteras
1065 455 1431 530 injuriasque
1462 472 1931 529 cognoscerem3
1961 463 2032 515 ut

272 534 655 609 perspicuum
715 535 909 591 cuivis
964 552 1096 591 esse
1153 542 1362 610 posset
1417 534 1728 591 hominem
1776 537 1855 593 ab
1908 537 2031 593 isto

206 616 241 673 5
273 614 617 688 quaesitum
646 631 780 671 esse
811 631 930 671 non
961 615 1063 689 qui
1107 632 1275 671 reum
1318 632 1497 672 suum
1542 615 1889 687 adduceret,
1921 616 2032 674 sed

271 694 373 768 qui
402 712 601 751 meum
631 700 874 768 tempus
903 695 1222 754 obsideret.

355 777 406 831 3.
454 773 510 830 N
517 792 634 831 unc
664 773 844 831 homo
875 774 1320 831 audacissimus
1351 780 1532 849 atque
1564 774 2029 832 amentissimus

273 853 387 911 hoc
443 854 706 927 cogitat:
753 854 1043 928 intelligit
1100 872 1193 911 me
1243 855 1331 911 ita
1383 859 1664 928 paratum
1713 860 1899 929 atque
1944 855 2031 910 in-

274 940 570 991 structum
600 934 662 990 in
684 933 977 1007 judicium
996 934 1217 1004 venire,
1238 940 1305 991 ut
1327 951 1447 990 non
1470 933 1649 990 modo
1678 933 1745 989 in
1775 934 2029 991 auribus

171 1016 244 1073 10
276 1013 515 1083 vestriS,
540 1014 647 1071 sed
673 1013 735 1070 in
758 1013 948 1070 oculis
971 1014 1238 1069 omnium
1264 1031 1376 1070 sua
1396 1013 1560 1069 furta
1583 1017 1764 1087 atque
1789 1013 2030 1088 flagitia

275 1093 580 1150 defixurus
623 1093 738 1149 sim
762 1113 777 1167 ;
823 1094 990 1150 videt
1031 1098 1342 1150 senatores
1386 1092 1611 1149 multos
1651 1109 1787 1149 esse
1831 1097 2029 1150 testes

276 1173 565 1230 audaciae
595 1190 757 1242 suae,
790 1173 959 1230 videt
1001 1172 1228 1230 multos
1269 1172 1501 1248 equites
1546 1172 1886 1243 Romanos,
1920 1173 2031 1229 fre-

274 1258 529 1326 quentes
558 1257 873 1326 praeterea
902 1252 1066 1309 cives
1096 1257 1276 1327 atque
1301 1252 1514 1323 socios,
1540 1252 1763 1326 quibus
1786 1252 1922 1326 ipse
1947 1253 2033 1308 in-

275 1332 482 1405 signes
525 1332 773 1405 injurias
818 1332 1038 1401 fecerit,
1072 1332 1240 1389 videt
1265 1332 1450 1389 etiam
1497 1337 1590 1388 tot
1630 1337 1758 1387 tam
1803 1349 2031 1406 graves

171 1413 244 1469 15
277 1412 352 1468 ab
384 1411 770 1469 amicissimis
813 1411 1167 1469 civitatibus
1209 1411 1543 1485 legationes
1586 1428 1722 1467 cum
1767 1411 2029 1484 publicis

275 1491 738 1548 auctoritatibus
767 1492 1157 1548 convenisse:
1203 1509 1355 1565 quae
1386 1508 1521 1547 cum
1549 1489 1636 1546 ita
1664 1489 1808 1558 sint,
1834 1508 2029 1566 usque

273 1588 345 1627 eo
375 1571 449 1627 de
479 1570 759 1627 omnibus
787 1571 963 1628 bonis
992 1570 1150 1628 male
1180 1570 1509 1640 existimat,
1533 1587 1725 1644 usque
1756 1588 1830 1626 eo
1861 1587 2029 1628 sena-

275 1650 434 1707 toria
465 1650 698 1727 judicia
738 1651 975 1726 perdita
1013 1649 1455 1725 profligataque
1497 1666 1630 1706 esse
1674 1649 2026 1721 arbitratur,

274 1735 344 1786 ut
376 1729 487 1787 hoc
522 1730 727 1803 palam
771 1731 1025 1799 dictitet,
1059 1747 1179 1786 non
1223 1729 1352 1787 sine
1398 1746 1583 1786 causa
1628 1745 1691 1784 se
1735 1730 2030 1803 cupidum

170 1809 245 1866 20
274 1809 562 1884 pecuniae
593 1810 1118 1884 fuisse‚.quoniam
1164 1809 1229 1866 in
1273 1808 1530 1884 pecunia
1573 1813 1819 1867 tantum
1863 1827 2033 1885 prae-

276 1889 499 1945 sidium
543 1890 889 1964 experiatur
928 1907 1095 1947 esse:
1140 1905 1291 1957 sese,
1324 1889 1387 1945 id
1417 1888 1574 1962 quod
1605 1886 2029 1946 difficillimum

279 1968 477 2040 fuerit,
509 1974 749 2044 tempus
779 1969 980 2043 ipsum
1008 1968 1227 2026 emisse
1262 1968 1476 2042 judicii
1518 1968 1629 2037 sui,
1661 1983 1783 2041 quo
1829 1976 2034 2025 cetera

274 2048 510 2105 facilius
541 2066 734 2105 emere
763 2054 977 2124 postea
1005 2054 1247 2123 posset;
1290 2053 1357 2104 ut
1386 2046 1670 2122 quoniam
1699 2047 2032 2104 criminum

275 2128 401 2184 vim
457 2129 872 2202 subterfugere
928 2128 1093 2185 nullo
1151 2127 1329 2184 modo
1384 2132 1639 2203 poterat,
1696 2127 2032 2201 procellam

172 2205 246 2261 25
275 2209 568 2283 temporis
597 2208 912 2266 devitaret.
1001 2207 1180 2280 Quod
1226 2207 1280 2263 si
1326 2224 1446 2263 non
1491 2207 1671 2262 modo
1714 2206 1777 2261 in
1824 2224 2030 2278 causa,

277 2305 488 2344 verum
518 2288 580 2344 in
617 2288 817 2363 aliquo
861 2287 1117 2344 honesto
1164 2286 1465 2362 praesidio
1512 2290 1617 2341 aut
1660 2285 1723 2340 in
1772 2286 2034 2360 alicujus

275 2368 619 2443 eloquentia
650 2374 755 2424 aut
785 2367 983 2440 gratia
1011 2383 1181 2441 spem
1207 2364 1472 2440 aliquam
1494 2365 1874 2436 collocasset,
1901 2383 2037 2441 pro-

279 2447 433 2505 fecto
464 2463 586 2504 non
616 2447 764 2504 haec
793 2446 996 2504 omnia
1024 2447 1335 2521 colligeret
1378 2451 1557 2519 atque
1600 2450 2028 2520 aucuparetur,

277 2544 633 2602 nouusque
682 2544 755 2584 eo
801 2525 1135 2601 despiceret
1179 2529 1703 2598 contemneretque
1751 2524 2032 2582 ordinem

173 2601 248 2658 30
278 2608 667 2675 senatorium,
700 2611 767 2663 ut
805 2607 1099 2663 arbitratu
1142 2606 1270 2678 ejus
1313 2604 1677 2678 deligeretur
1703 2621 1782 2660 ex
1810 2609 2033 2662 senatu

278 2686 382 2761 qui
425 2704 562 2744 reus
607 2686 788 2756 fieret,
822 2686 942 2759 qui,
975 2686 1119 2742 dum
1151 2684 1247 2741 hic
1275 2701 1427 2758 quae
1457 2700 1608 2758 opus
1637 2688 1847 2747 essent
1875 2700 2032 2741 com-

278 2772 538 2841 pararet,
571 2782 816 2824 causam
851 2766 1083 2822 interea
1123 2769 1263 2819 ante
1293 2781 1431 2819 eum
1462 2763 1701 2819 diceret.
1790 2762 2031 2835 Quibus

279 2862 393 2919 ego
422 2847 604 2902 rebus
635 2845 778 2918 quid
809 2844 923 2901 iste
954 2848 1155 2919 speret
1185 2847 1248 2900 et
1275 2859 1394 2917 quo
1438 2842 1707 2897 animum
1744 2841 2030 2898 intendat

280 2925 452 2981 facile
497 2924 829 2999 perspici03
874 2923 1264 2998 quamobrem
1315 2938 1456 2977 vero
1502 2938 1565 2977 se
1613 2919 1880 2978 confidat
1927 2920 2033 2977 ali-

175 2999 248 3055 35
282 3004 428 3078 quid
459 3003 741 3077 proficere
769 3020 948 3077 posse
980 3003 1091 3059 hoc
1120 3005 1391 3076 praetore
1421 3006 1482 3056 et
1513 2999 1623 3056 hoc
1653 2999 1908 3057 consilio
1943 3000 2033 3055 in·

279 3083 557 3153 telligere
602 3098 723 3136 non
767 3099 1053 3155 possum:
1096 3098 1283 3136 unum
1331 3079 1481 3135 illud
1521 3079 1816 3152 intelligo,
1866 3078 2034 3153 quod

281 3159 546 3231 populus
575 3159 894 3214 Romanus
939 3160 1001 3215 in
1047 3159 1363 3231 rejectione
1396 3158 1669 3231 judicum
1704 3157 2028 3234 judicavit,

282 3251 356 3289 ea
401 3251 505 3308 spe
551 3235 738 3290 istum
784 3235 971 3292 fuisse
1018 3237 1377 3311 praeditum,
1426 3241 1495 3292 ut
1549 3254 1792 3294 omnem
1848 3237 2034 3293 ratio-

285 3325 423 3365 nem
480 3311 696 3366 salutis
745 3311 807 3365 in
853 3314 1112 3384 pecunia
1166 3314 1603 3390 constitueret;
1661 3314 1776 3373 hoc
1820 3319 2035 3393 erepto
