2284 3717
658 181 746 230 m
783 183 843 229 c.
876 183 1191 232 VERREM
1239 184 1461 233 Aemo
1511 186 1560 233 1.
1927 173 2054 236 213

188 340 376 399 facere
406 341 634 400 multis
663 340 924 398 testibus
967 340 1199 416 possim
1232 341 1300 400 O.
1335 341 1590 400 Verrem
1635 343 1697 400 in
1746 343 1952 402 Sicilia

188 422 397 480 multis
428 421 836 480 audientibus
880 437 1062 496 saepe
1109 421 1354 494 dixisse,
1387 440 1451 480 se
1499 422 1719 481 habere
1767 424 1955 481 homi-

191 518 321 558 nem
356 508 704 577 potentem,
737 503 907 575 cujus
954 502 1172 558 fiducia
1209 503 1584 578 provinciam
1626 505 1950 579 spoliaret;

191 597 380 656 neque
413 584 532 640 sibi
563 582 684 639 soli
712 582 1026 654 pecuniam
1052 600 1352 656 quaerere,
1376 585 1480 640 sed
1511 586 1600 640 ita
1620 585 1950 642 triennium

195 661 337 719 illud
388 667 725 737 praeturae
773 660 1110 719 Siciliensis
1154 662 1546 720 distributum
1594 662 1833 735 habere,
1886 671 1955 722 ut
2020 665 2057 723 5

195 757 393 799 secum
424 741 746 818 praeclare
777 742 876 815 agi
907 741 1149 812 diceret,
1174 742 1225 799 si
1257 743 1438 799 unius
1468 743 1611 800 anni
1631 751 1954 819 quaestum

195 820 255 878 in
282 839 410 878 rem
440 839 621 879 suam
654 826 1049 892 converteret,
1075 821 1333 879 alterum
1362 823 1636 896 patronis
1664 830 1727 880 et
1755 823 1953 881 defen·

196 902 434 959 soribus
467 902 762 969 traderet,
794 901 1041 958 tertium
1070 901 1240 958 illum
1272 902 1638 960 uberrimum
1674 909 1955 979 quaestu·

195 981 672 1056 osissimumque
724 998 948 1037 annum
998 985 1198 1038 totum
1244 982 1550 1055 judicibus
1597 990 1950 1041 reservaret.

197 1060 290 1117 Ex
313 1080 433 1136 quo
463 1061 618 1118 mihi
642 1060 893 1133 venitin
914 1066 1179 1118 mentem
1202 1061 1348 1118 illud
1373 1062 1588 1133 dicere,
1611 1063 1771 1138 quod
1797 1063 1953 1138 apud
1987 1063 2060 1120 10

197 1140 302 1199 M.²
326 1141 730 1201 Glabrionem
758 1157 950 1216 nuper
989 1159 1124 1197 cum
1169 1141 1232 1197 in
1274 1142 1613 1215 rejiciendis
1644 1143 1952 1216 judicibus

195 1238 794 1289 commemorassem,
816 1220 1082 1278 intellexi
1112 1221 1500 1279 vehementer
1521 1223 1807 1297 populum
1837 1223 1956 1280 Ro-

197 1319 455 1359 manum
505 1300 890 1370 commoveri,
926 1318 1022 1357 me
1062 1301 1342 1357 arbitrari
1379 1301 1504 1360 fore
1550 1303 1641 1358 uti
1680 1302 1954 1360 nationes

196 1389 442 1439 exterae
474 1380 713 1455 legatos
742 1380 817 1437 ad
847 1379 1133 1455 populum
1159 1380 1506 1438 Romanum
1530 1382 1858 1451 mitterent,
1886 1388 1954 1439 ut

197 1461 292 1519 lex
320 1463 397 1519 de
443 1460 720 1535 pecuniis
761 1461 1113 1535 repetundis
1149 1460 1562 1536 judiciumque
1607 1461 1953 1518 tolleretur:
1987 1463 2058 1520 15

200 1543 447 1599 sienim
484 1540 717 1614 judicia
759 1540 928 1596 nulla
974 1539 1112 1610 sint,
1142 1545 1383 1597 tantum
1429 1558 1617 1597 unum
1661 1559 1955 1617 quemque

200 1622 554 1679 ablaturum
585 1624 822 1693 putant,
849 1626 1144 1695 quantum
1175 1620 1294 1677 sibi
1325 1637 1393 1679 ac
1416 1620 1619 1677 liberis
1645 1621 1772 1678 suis
1801 1622 1953 1678 satis

198 1720 332 1759 esse
367 1700 731 1772 arbitretur3
771 1717 947 1769 nunc,
981 1699 1141 1774 quod
1182 1701 1310 1773 ejus
1345 1700 1511 1757 modi
1544 1700 1773 1774 judicia
1814 1701 1954 1771 sint,

200 1786 448 1839 tantum
477 1797 665 1836 unum
693 1797 990 1854 quemque
1012 1779 1262 1851 auferre,
1285 1785 1580 1854 quantum
1605 1781 1957 1856 sibi,.patro·

201 1863 314 1934 nis,
345 1859 683 1929 advocatiS‚
704 1859 984 1934 praetori,
1001 1859 1307 1932 judicibus
1338 1861 1492 1917 satis
1523 1860 1792 1917 futurum
1817 1860 1928 1932 sit3
1986 1863 2061 1919 20

202 1941 316 1999 hoc
364 1940 638 2015 profecto
679 1939 978 1996 infinitum
1011 1956 1180 1995 esse:
1226 1957 1290 1996 se
1322 1940 1662 1996 avarissimi
1693 1939 1956 1997 hominis

204 2020 531 2096 cupiditati
563 2020 715 2076 satis
755 2018 948 2076 facere
991 2036 1188 2094 posse,
1219 2019 1635 2076 nocentissimi
1663 2019 1953 2078 victoriae

205 2119 328 2159 non
359 2117 559 2174 posse.
648 2099 699 2156 Ο
732 2099 1262 2163 commemoranda
1289 2099 1521 2172 judicia
1564 2099 1959 2173 praeclaram·

206 2199 323 2255 que
355 2179 866 2238 existimationem
899 2178 1091 2236 nostri
1124 2179 1369 2249 ordinis,
1397 2198 1532 2236 cum
1572 2179 1718 2236 socii
1745 2179 1955 2255 populi

206 2259 478 2319 Romani
498 2259 731 2333 judicia
763 2259 836 2315 de
869 2258 1146 2332 pecuniis
1184 2259 1533 2333 repetundis
1569 2259 1694 2315 fieri
1724 2260 1955 2328 nolunt,
1987 2260 2062 2317 25

206 2359 360 2417 quae
392 2358 428 2396 a
456 2338 785 2413 majoribus
815 2339 1038 2395 nostris
1068 2339 1368 2396 sociorum
1399 2357 1582 2396 causa
1611 2345 1959 2414 comparata

206 2418 385 2478 suntl
473 2419 575 2477 An
621 2418 737 2475 iste
782 2436 1069 2492 umquam
1099 2418 1173 2474 de
1204 2436 1268 2476 se
1297 2419 1518 2476 bonam
1564 2436 1730 2493 spem
1779 2419 1961 2476 habu·

207 2500 374 2570 isset,
406 2499 528 2556 nisi
559 2498 633 2555 de
664 2498 840 2556 vobis
887 2499 1107 2555 malam
1154 2498 1500 2572 opinionem
1547 2499 1750 2556 animo
1791 2497 1958 2555 imbi-

207 2576 452 2637 bisset?
539 2578 673 2651 Quo
702 2579 927 2651 majore
956 2578 1160 2647 etiam,
1184 2579 1234 2634 si
1262 2578 1384 2635 fieri
1416 2583 1635 2654 potest,
1662 2579 1823 2654 apud
1850 2595 1958 2635 vos

211 2660 349 2718 odio
380 2676 515 2715 esse
547 2658 742 2728 debet,
768 2675 947 2733 qua-m
978 2663 1072 2715 est
1095 2658 1256 2732 apud
1278 2658 1564 2733 populum
1591 2659 1955 2728 Romanum,
1987 2659 2063 2716 30

211 2757 342 2797 cum
375 2740 437 2795 in
471 2737 744 2809 avaritia,
770 2738 1007 2808 scelere,
1027 2738 1285 2812 perjurio
1309 2755 1420 2796 vos
1450 2738 1545 2794 sui
1573 2738 1801 2795 similes
1824 2755 1958 2795 esse

214 2820 550 2876 arbitretur.

292 2902 383 2957 15.
436 2897 553 2956 Cui
598 2896 747 2966 locO,
792 2914 898 2972 per
943 2896 1090 2953 deos
1133 2895 1518 2965 immortaleS,
1541 2896 1794 2971 Judices,
1826 2914 1963 2955 con-

213 2980 393 3035 sulite
442 2995 511 3034 ac
556 2977 887 3052 providete.
974 2975 1198 3033 Moneo
1245 2976 1646 3051 praedicoque
1690 2978 1767 3047 id,
1800 2976 1958 3051 quod

212 3058 504 3132 intelligo
532 3062 773 3132 tempus
804 3056 916 3113 hoc
947 3056 1122 3113 vobis
1153 3055 1447 3113 divinitus
1478 3056 1686 3113 datum
1717 3074 1866 3124 esse,
1891 3060 1959 3111 ut
1988 3054 2064 3112 35

212 3139 368 3209 odi0‚
401 3137 655 3206 invidia,
710 3135 977 3204 infamia,
1024 3135 1401 3210 turpitudine
1446 3141 1645 3192 totum
1692 3135 1961 3192 ordinem

211 3217 495 3275 liberetiS.
583 3216 772 3273 Nulla
808 3216 868 3272 in
890 3214 1138 3290 judiciis
1182 3216 1491 3284 severitaS,
1522 3214 1689 3271 nulla
1729 3213 1960 3286 religiO,

213 3299 377 3355 nulla
405 3295 667 3369 denique
688 3296 816 3369 jam
845 3295 1272 3352 existimantur
1300 3311 1431 3350 esse
1451 3292 1680 3365 judicia
1703 3311 1716 3362 ;
1760 3291 1960 3363 itaque

211 3395 247 3434 a
275 3376 504 3454 populo
537 3376 820 3433 Romano
863 3374 1318 3442 contemnimur,
1351 3369 1749 3444 despicimur3
1791 3366 1964 3439 gravi
