2284 3717
284 111 412 180 178
807 130 883 178 Η.
917 129 1175 176 TULLII
1225 130 1619 177 cmmzoms

386 285 592 363 profici
630 286 898 360 potuerit
939 286 1186 362 aliquid,
1220 287 1325 344 sed
1352 305 1425 343 ne
1456 305 1613 344 unus
1655 290 1842 346 modo
1880 291 2152 349 consula-

392 367 494 435 riS,
527 367 858 442 quod'tum
903 367 1134 436 accidit,
1166 368 1392 441 dignus
1418 368 1522 424 illo
1553 368 1797 439 honore,
1833 370 2066 444 dignus
2090 389 2150 427 re

387 447 633 522 publica
683 446 1068 503 inveniretur.
1158 448 1293 519 Qua
1338 447 1577 521 quidem
1625 465 1700 504 ex
1744 466 1807 505 re
1855 468 2140 523 magnum

387 527 616 601 accipio
666 526 952 596 dolorem,
997 526 1273 582 homines
1322 527 1716 600 amplissimis
1764 531 1981 603 populi
2033 531 2144 586 Ro-

279 609 316 668 5
386 606 551 663 mani
608 605 908 662 beneficiis
958 623 1101 662 usos
1160 604 1229 663 L.
1281 606 1566 662 Pisonem
1616 607 1833 664 ducem
1885 610 2143 684 optimae

386 687 725 743 sententiae
756 702 874 742 non
906 694 1162 741 secutos,
1250 685 1561 742 Idcircone
1591 703 1701 743 nos
1730 688 1997 761 populus
2029 689 2141 745 Ro-

385 783 604 842 manus
646 765 922 822 consules
965 764 1121 833 fecit,
1154 769 1228 821 ut
1266 766 1328 820 in
1370 765 1670 822 altissimo
1711 761 1911 840 gradu
1956 768 2143 842 digni-

384 846 533 902 tatis
584 845 767 901 locati
811 862 937 901 rem
987 844 1289 919 publicam
1338 862 1444 918 pro
1491 845 1684 902 nihilo
1739 845 2144 904 haberemus?

386 924 526 981 Non
558 925 735 981 modo
767 942 912 981 voce
957 941 1131 980 nemo
1178 923 1245 981 L.
1281 924 1490 980 Pisoni
1533 925 1891 993 consulariS,
1925 927 2032 983 sed
2075 944 2143 982 ne

285 1006 358 1062 10
391 1005 560 1061 vultu
590 1004 832 1079 quidem
863 1003 1161 1060 adsensus
1189 1010 1297 1060 est.
1383 1004 1571 1076 Quae,
1604 1005 1873 1063 malum}
1907 1013 2004 1062 est
2030 1007 2143 1061 ista

387 1084 733 1140 voluntaria
776 1081 1083 1140 servitus?
1170 1082 1383 1139 Fuerit
1423 1083 1720 1158 quaedam
1765 1087 2141 1158 necessaria;

387 1181 580 1238 neque
610 1180 724 1237 ego
755 1162 867 1220 boc
897 1163 975 1219 ab
1003 1162 1283 1219 omnibus
1317 1163 1406 1218 eis
1449 1163 1743 1233 desidem,
1778 1165 1884 1238 qui
1916 1174 2146 1221 senten-

385 1243 537 1299 tiam
576 1242 876 1300 consulari
920 1243 1053 1299 loco
1096 1242 1342 1299 dicunt:
1388 1242 1508 1299 alia
1550 1259 1735 1299 causa
1777 1250 1876 1299 est
1919 1260 2143 1314 eorum,

387 1340 641 1397 quorum
671 1322 912 1379 silentio
938 1323 1223 1395 ignosc03
1260 1321 1381 1377 alia
1408 1339 1630 1391 eorum,
1658 1339 1918 1395 quorum
1942 1341 2145 1381 vocem

285 1405 356 1462 15
387 1403 657 1477 requiro:
702 1419 853 1477 quos
894 1402 1138 1476 quidem
1170 1401 1347 1457 doleo
1374 1401 1438 1457 in
1474 1402 1885 1475 suspicionem
1927 1404 2146 1478 populo

389 1482 673 1539 Romano
699 1482 907 1538 venire
940 1499 1058 1538 non
1101 1479 1286 1537 modo
1311 1486 1527 1549 metuS,
1560 1481 1718 1554 quod
1753 1481 1957 1555 ipsum
1988 1489 2147 1540 esset

388 1566 581 1636 turpe,
608 1562 714 1619 sed
746 1562 932 1617 alium
963 1561 1082 1617 alia
1111 1561 1184 1616 de
1208 1577 1392 1616 causa
1423 1560 1634 1617 deesse
1664 1560 1960 1634 dignitati
1985 1580 2141 1620 suae.

391 1640 442 1700 7.
491 1643 690 1714 Quare
727 1641 990 1715 primum
1030 1639 1327 1695 maximas
1357 1640 1590 1714 gratias
1619 1646 1682 1696 et
1712 1657 1829 1713 ago
1866 1648 1930 1698 et
1961 1642 2146 1698 habeo

391 1718 620 1789 Pisoni,
666 1720 768 1795 qui
810 1737 929 1776 non
973 1720 1116 1793 quid
1162 1718 1388 1775 efficere
1437 1726 1645 1793 posset
1690 1719 1751 1775 in
1799 1737 1864 1776 re
1911 1722 2148 1794 publica
2245 1772 2246 1775 ,

286 1803 361 1860 20
390 1799 703 1873 cogitavit,
748 1800 854 1857 sed
897 1800 1043 1874 quid
1085 1799 1280 1855 facere
1330 1798 1462 1872 ipse
1511 1799 1790 1856 deberet:
1851 1800 2075 1858 dein-de
2113 1818 2146 1857 a

390 1880 581 1949 vobiS,
632 1885 840 1952 patres
895 1878 1235 1953 conscripti,
1286 1885 1446 1953 peto,
1495 1883 1578 1947 ut,
1631 1879 1818 1934 etiam
1871 1881 1924 1935 si
1979 1880 2147 1955 sequi
2243 1898 2244 1905 ¹

389 1959 592 2015 minus
613 1957 908 2015 audebitis
928 1958 1257 2015 orationem
1281 1965 1465 2031 atque
1486 1958 1908 2014 auctoritatem
1937 1977 2146 2031 meam,

389 2038 650 2112 benigne
682 2055 777 2094 me
806 2043 1030 2108 tamen,
1062 2045 1130 2093 ut
1158 2037 1356 2094 adhuc
1385 2037 1633 2105 fecistis,
1668 2037 1957 2096 audiatis.

474 2118 744 2174 Primum
799 2117 987 2191 igitur
1035 2122 1172 2173 acta
1224 2116 1505 2175 Caesaris
1561 2118 1867 2173 servanda
1918 2135 2144 2188 censeo,

287 2199 363 2257 25
392 2213 514 2253 non
560 2214 679 2271 quo
721 2198 969 2271 probem
988 2197 1221 2270 —quis
1249 2197 1407 2253 enim
1439 2196 1500 2258 id
1530 2190 1770 2270 quidem
1805 2196 2146 2270 potesti'-
2239 2226 2240 2233 κ

393 2277 499 2333 sed
531 2277 674 2349 quia
700 2277 995 2332 rationem
1027 2275 1366 2333 habendam
1398 2276 1662 2332 maxime
1693 2276 1958 2333 arbitror
1985 2277 2144 2352 pacis

393 2361 574 2430 atque
598 2355 723 2412 otii.
808 2356 1046 2412 Vellem
1073 2356 1316 2412 adesset
1339 2355 1421 2410 M.
1450 2354 1779 2420 AntoniuS,
1806 2356 1992 2412 modo
2022 2357 2141 2413 sine
2237 2402 2238 2419 2

395 2434 723 2492 advocatis,
813 2434 950 2502 Sed,
988 2441 1057 2492 ut
1104 2435 1333 2509 opinor,
1377 2433 1518 2492 licet
1566 2434 1621 2490 ei
1669 2433 1877 2491 minus
1929 2435 2138 2503 valere,

394 2515 555 2588 quod
584 2513 739 2570 mihi
769 2513 898 2570 heri
927 2531 1034 2589 per
1062 2514 1233 2570 illum
1265 2530 1383 2569 non
1413 2514 1614 2570 licuit:
1660 2513 1906 2570 doceret
1933 2532 2038 2571 me*
2053 2512 2140 2570 vel

287 2597 365 2654 30
393 2595 598 2668 potius
627 2610 754 2661 VOS,
787 2599 996 2667 patres
1037 2593 1380 2667 conscripti,
1412 2610 1592 2667 quem
1633 2592 1710 2648 ad
1739 2594 1990 2650 modum
2021 2594 2138 2667 ipse

396 2672 680 2730 Caesaris
711 2680 844 2729 acta
872 2673 1234 2729 defenderet.
1323 2671 1426 2728 An
1454 2673 1514 2727 in
1546 2672 2056 2729 commentariolis
2082 2675 2139 2728 et

395 2750 813 2827 chirographis
847 2758 909 2809 et
950 2752 1167 2809 libellis
1212 2768 1275 2813 se
1317 2768 1439 2808 uno
1483 2755 1725 2807 auctore
1767 2752 2037 2826 prolatiS,
2068 2767 2135 2806 ne
2233 2770 2234 2773 ¹

394 2831 650 2905 prolatis
694 2832 952 2905 quidem,
986 2833 1092 2888 sed
1132 2831 1555 2889 tantummodo
1597 2830 1777 2886 dictis
1821 2838 1960 2888 acta
2004 2830 2137 2889 Cae-

397 2911 552 2966 saris
595 2910 764 2966 firma
804 2917 1018 2984 erunt3
1063 2928 1216 2985 quae
1258 2910 1357 2966 ille
1399 2910 1462 2965 in
1506 2927 1606 2967 aes
1648 2909 1882 2977 incidit,
1928 2911 1988 2967 in
2027 2926 2136 2984 quo

288 2992 364 3049 35
395 2990 601 3064 populi
648 2991 822 3062 jussa
874 2996 1316 3065 perpetuasque
1372 2988 1539 3062 leges
1588 3005 1721 3045 esse
1771 2989 1982 3058 voluit,
2037 3003 2137 3063 pro

399 3068 589 3124 nihilo
632 3067 1057 3125 habebuntur?
1142 3067 1437 3141 Equidem
1488 3068 1770 3124 existimo
1822 3068 1972 3126 nihil
2017 3075 2133 3125 tam

396 3162 530 3200 esse
560 3147 622 3199 in
654 3146 804 3200 actis
837 3145 1118 3201 Caesaris
1148 3164 1327 3218 quam
1360 3146 1526 3217 leges
1559 3146 1861 3203 Caesaris,
1951 3148 2063 3215 An,
2088 3143 2134 3201 si

399 3221 494 3274 cui
525 3221 670 3292 quid
711 3221 809 3275 ille
853 3223 1148 3292 promisit,
1180 3223 1385 3279 iderit
1415 3225 1611 3292 fixum,
1645 3226 1807 3297 quod
1839 3228 1998 3283 idem
2025 3241 2133 3283 non

399 3295 592 3349 facere
615 3295 859 3368 potuit?
943 3298 1032 3353 Ut
1054 3300 1263 3355 multis
1286 3301 1478 3357 multa
1500 3304 1803 3376 promissa
1826 3322 1948 3362 non
1970 3305 2135 3362 fecit:
