<?xml version="1.0" encoding="UTF-8"?>
<!DOCTYPE html PUBLIC "-//W3C//DTD XHTML 1.0 Transitional//EN"
    "http://www.w3.org/TR/xhtml1/DTD/xhtml1-transitional.dtd">
<html xmlns="http://www.w3.org/1999/xhtml" xml:lang="en" lang="en">
 <head>
  <title>
</title>
<meta http-equiv="Content-Type" content="text/html;charset=utf-8" />
  <meta name='ocr-system' content='tesseract 3.04.00' />
  <meta name='ocr-capabilities' content='ocr_page ocr_carea ocr_par ocr_line ocrx_word'/>
</head>
<body>
  <div class='ocr_page' id='page_1' title='image "./selectorationsm03stuagoog_0037.png"; bbox 0 0 2284 3717; ppageno 0'>
   <div class='ocr_carea' id='block_1_1' title="bbox 554 106 1979 169">
    <p class='ocr_par' dir='ltr' id='par_1_1' title="bbox 554 106 1979 169">
     <span class='ocr_line' id='line_1_1' title="bbox 554 106 1979 169; baseline 0.002 -3"><span class='ocrx_word' id='word_1_1' title='bbox 554 120 631 168; x_wconf 78' lang='lat' dir='ltr'>M.</span> <span class='ocrx_word' id='word_1_2' title='bbox 668 119 1090 167; x_wconf 71' lang='lat' dir='ltr'>CATILINAM</span> <span class='ocrx_word' id='word_1_3' title='bbox 1142 121 1425 168; x_wconf 77' lang='lat' dir='ltr'>ORATIO</span> <span class='ocrx_word' id='word_1_4' title='bbox 1475 122 1557 169; x_wconf 90' lang='lat'>11.</span> <span class='ocrx_word' id='word_1_5' title='bbox 1905 106 1979 169; x_wconf 80' lang='lat'>31</span> 
     </span>
    </p>
   </div>
   <div class='ocr_carea' id='block_1_2' title="bbox 112 266 2001 3380">
    <p class='ocr_par' dir='ltr' id='par_1_2' title="bbox 130 266 1995 1288">
     <span class='ocr_line' id='line_1_2' title="bbox 132 266 1887 353; baseline 0.003 -24"><span class='ocrx_word' id='word_1_6' title='bbox 132 266 259 331; x_wconf 88' lang='lat' dir='ltr'>belli</span> <span class='ocrx_word' id='word_1_7' title='bbox 287 275 616 353; x_wconf 85' lang='lat' dir='ltr'>descripta,</span> <span class='ocrx_word' id='word_1_8' title='bbox 651 277 878 334; x_wconf 89' lang='lat' dir='ltr'>edocui.</span> <span class='ocrx_word' id='word_1_9' title='bbox 967 277 1123 335; x_wconf 89' lang='lat' dir='ltr'>Cum</span> <span class='ocrx_word' id='word_1_10' title='bbox 1170 275 1518 348; x_wconf 80' lang='lat' dir='ltr'><strong>haesitaret,</strong></span> <span class='ocrx_word' id='word_1_11' title='bbox 1552 297 1684 337; x_wconf 88' lang='lat' dir='ltr'>cum</span> <span class='ocrx_word' id='word_1_12' title='bbox 1727 285 1887 335; x_wconf 82' lang='lat' dir='ltr'>tene-</span> 
     </span>
     <span class='ocr_line' id='line_1_3' title="bbox 130 356 1888 434; baseline 0.004 -26"><span class='ocrx_word' id='word_1_13' title='bbox 130 363 299 424; x_wconf 83' lang='lat' dir='ltr'>retur,</span> <span class='ocrx_word' id='word_1_14' title='bbox 331 358 629 433; x_wconf 69' lang='lat' dir='ltr'>quaesivi⁸</span> <span class='ocrx_word' id='word_1_15' title='bbox 652 357 797 432; x_wconf 89' lang='lat' dir='ltr'>quid</span> <span class='ocrx_word' id='word_1_16' title='bbox 828 356 1133 415; x_wconf 88' lang='lat' dir='ltr'>dubitaret</span> <span class='ocrx_word' id='word_1_17' title='bbox 1172 358 1464 433; x_wconf 87' lang='lat' dir='ltr'>proficisci</span> <span class='ocrx_word' id='word_1_18' title='bbox 1496 377 1585 424; x_wconf 69' lang='grc' dir='ltr'>ρο,</span> <span class='ocrx_word' id='word_1_19' title='bbox 1615 377 1732 434; x_wconf 91' lang='lat' dir='ltr'>quo</span> <span class='ocrx_word' id='word_1_20' title='bbox 1759 361 1888 431; x_wconf 87' lang='lat' dir='ltr'>jam</span> 
     </span>
     <span class='ocr_line' id='line_1_4' title="bbox 132 434 1883 511; baseline 0.003 -22"><span class='ocrx_word' id='word_1_21' title='bbox 132 434 348 506; x_wconf 86' lang='lat' dir='ltr'>pridem</span> <span class='ocrx_word' id='word_1_22' title='bbox 379 445 647 511; x_wconf 83' lang='lat' dir='ltr'>pararet,</span> <span class='ocrx_word' id='word_1_23' title='bbox 681 454 816 493; x_wconf 85' lang='lat' dir='ltr'>curn</span> <span class='ocrx_word' id='word_1_24' title='bbox 850 454 1031 505; x_wconf 88' lang='lat' dir='ltr'>arma,</span> <span class='ocrx_word' id='word_1_25' title='bbox 1057 456 1195 494; x_wconf 86' lang='lat' dir='ltr'>cum</span> <span class='ocrx_word' id='word_1_26' title='bbox 1226 456 1481 504; x_wconf 61' lang='lat' dir='ltr'>secures</span> <span class='ocrx_word' id='word_1_27' title='bbox 1504 457 1639 495; x_wconf 88' lang='lat' dir='ltr'>cum</span> <span class='ocrx_word' id='word_1_28' title='bbox 1673 439 1883 507; x_wconf 54' lang='lat' dir='ltr'>fasces</span> 
     </span>
     <span class='ocr_line' id='line_1_5' title="bbox 134 516 1886 593; baseline 0.003 -25"><span class='ocrx_word' id='word_1_29' title='bbox 134 530 257 570; x_wconf 89' lang='lat' dir='ltr'>cum</span> <span class='ocrx_word' id='word_1_30' title='bbox 287 518 486 580; x_wconf 84' lang='lat' dir='ltr'>tubas,</span> <span class='ocrx_word' id='word_1_31' title='bbox 519 533 660 573; x_wconf 88' lang='lat' dir='ltr'>cum</span> <span class='ocrx_word' id='word_1_32' title='bbox 705 516 880 590; x_wconf 83' lang='lat' dir='ltr'>signa</span> <span class='ocrx_word' id='word_1_33' title='bbox 909 517 1211 586; x_wconf 88' lang='lat' dir='ltr'>militaria,</span> <span class='ocrx_word' id='word_1_34' title='bbox 1247 537 1382 575; x_wconf 85' lang='lat' dir='ltr'>cum</span> <span class='ocrx_word' id='word_1_35' title='bbox 1414 519 1671 593; x_wconf 81' lang='lat' dir='ltr'>aquilam</span> <span class='ocrx_word' id='word_1_36' title='bbox 1719 518 1886 574; x_wconf 89' lang='lat' dir='ltr'>illam</span> 
     </span>
     <span class='ocr_line' id='line_1_6' title="bbox 135 595 1990 674; baseline 0.005 -27"><span class='ocrx_word' id='word_1_37' title='bbox 135 605 496 667; x_wconf 80' lang='lat' dir='ltr'>argenteam,</span> <span class='ocrx_word' id='word_1_38' title='bbox 518 596 616 653; x_wconf 84' lang='lat' dir='ltr'>cui</span> <span class='ocrx_word' id='word_1_39' title='bbox 642 595 740 652; x_wconf 91' lang='lat' dir='ltr'>ille</span> <span class='ocrx_word' id='word_1_40' title='bbox 765 596 951 651; x_wconf 91' lang='lat' dir='ltr'>etiam</span> <span class='ocrx_word' id='word_1_41' title='bbox 981 598 1304 654; x_wconf 88' lang='lat' dir='ltr'>sacrarium</span> <span class='ocrx_word' id='word_1_42' title='bbox 1338 596 1695 674; x_wconf 85' lang='lat' dir='ltr'>[scelerum]</span> <span class='ocrx_word' id='word_1_43' title='bbox 1721 597 1885 654; x_wconf 87' lang='lat' dir='ltr'>domi</span> <span class='ocrx_word' id='word_1_44' title='bbox 1954 599 1990 657; x_wconf 83' lang='lat'>5</span> 
     </span>
     <span class='ocr_line' id='line_1_7' title="bbox 133 675 1884 752; baseline 0.003 -25"><span class='ocrx_word' id='word_1_45' title='bbox 133 689 266 730; x_wconf 87' lang='lat' dir='ltr'>suae</span> <span class='ocrx_word' id='word_1_46' title='bbox 296 675 541 746; x_wconf 82' lang='lat' dir='ltr'>fecerat,</span> <span class='ocrx_word' id='word_1_47' title='bbox 575 676 794 732; x_wconf 90' lang='lat' dir='ltr'>scirem</span> <span class='ocrx_word' id='word_1_48' title='bbox 824 693 955 733; x_wconf 85' lang='lat' dir='ltr'>esse</span> <span class='ocrx_word' id='word_1_49' title='bbox 999 676 1412 752; x_wconf 73' lang='lat' dir='ltr'>praemissam.</span> <span class='ocrx_word' id='word_1_50' title='bbox 1500 678 1573 734; x_wconf 91' lang='lat' dir='ltr'>In</span> <span class='ocrx_word' id='word_1_51' title='bbox 1603 678 1884 734; x_wconf 81' lang='lat' dir='ltr'>exsilium</span> 
     </span>
     <span class='ocr_line' id='line_1_8' title="bbox 134 752 1888 831; baseline 0.003 -25"><span class='ocrx_word' id='word_1_52' title='bbox 134 752 452 824; x_wconf 87' lang='lat' dir='ltr'>ejiciebam,</span> <span class='ocrx_word' id='word_1_53' title='bbox 488 773 667 831; x_wconf 87' lang='lat' dir='ltr'>quem</span> <span class='ocrx_word' id='word_1_54' title='bbox 688 756 814 829; x_wconf 87' lang='lat' dir='ltr'>jam</span> <span class='ocrx_word' id='word_1_55' title='bbox 847 756 1190 829; x_wconf 83' lang='lat' dir='ltr'>ingressum</span> <span class='ocrx_word' id='word_1_56' title='bbox 1219 774 1350 813; x_wconf 88' lang='lat' dir='ltr'>esse</span> <span class='ocrx_word' id='word_1_57' title='bbox 1382 757 1441 813; x_wconf 91' lang='lat' dir='ltr'>in</span> <span class='ocrx_word' id='word_1_58' title='bbox 1473 757 1694 814; x_wconf 85' lang='lat' dir='ltr'>bellum</span> <span class='ocrx_word' id='word_1_59' title='bbox 1727 757 1888 813; x_wconf 87' lang='lat' dir='ltr'>vide·</span> 
     </span>
     <span class='ocr_line' id='line_1_9' title="bbox 133 830 1887 911; baseline 0.004 -24"><span class='ocrx_word' id='word_1_60' title='bbox 133 830 308 891; x_wconf 85' lang='lat' dir='ltr'>bam?</span> <span class='ocrx_word' id='word_1_61' title='bbox 392 836 664 902; x_wconf 85' lang='lat' dir='ltr'>Etenim,</span> <span class='ocrx_word' id='word_1_62' title='bbox 697 835 890 904; x_wconf 90' lang='lat' dir='ltr'>cred0,</span> <span class='ocrx_word' id='word_1_63' title='bbox 925 835 1197 892; x_wconf 86' lang='lat' dir='ltr'>Manlius</span> <span class='ocrx_word' id='word_1_64' title='bbox 1227 837 1341 893; x_wconf 88' lang='lat' dir='ltr'>iste</span> <span class='ocrx_word' id='word_1_65' title='bbox 1372 837 1660 904; x_wconf 75' lang='lat' dir='ltr'>centurie,</span> <span class='ocrx_word' id='word_1_66' title='bbox 1694 837 1790 911; x_wconf 89' lang='lat' dir='ltr'>qui</span> <span class='ocrx_word' id='word_1_67' title='bbox 1826 837 1887 894; x_wconf 89' lang='lat' dir='ltr'>in</span> 
     </span>
     <span class='ocr_line' id='line_1_10' title="bbox 136 913 1888 990; baseline 0.003 -24"><span class='ocrx_word' id='word_1_68' title='bbox 136 929 272 985; x_wconf 85' lang='lat' dir='ltr'>agro</span> <span class='ocrx_word' id='word_1_69' title='bbox 322 913 674 971; x_wconf 87' lang='lat' dir='ltr'>Faesulano</span> <span class='ocrx_word' id='word_1_70' title='bbox 725 922 926 971; x_wconf 87' lang='lat' dir='ltr'>castra</span> <span class='ocrx_word' id='word_1_71' title='bbox 966 917 1191 989; x_wconf 82' lang='lat' dir='ltr'>posuit,</span> <span class='ocrx_word' id='word_1_72' title='bbox 1235 916 1455 972; x_wconf 88' lang='lat' dir='ltr'>bellum</span> <span class='ocrx_word' id='word_1_73' title='bbox 1501 917 1725 990; x_wconf 88' lang='lat' dir='ltr'>populo</span> <span class='ocrx_word' id='word_1_74' title='bbox 1771 917 1888 972; x_wconf 86' lang='lat' dir='ltr'>Ro-</span> 
     </span>
     <span class='ocr_line' id='line_1_11' title="bbox 134 991 1995 1064; baseline 0.004 -19"><span class='ocrx_word' id='word_1_75' title='bbox 134 1007 304 1049; x_wconf 87' lang='lat' dir='ltr'>mano</span> <span class='ocrx_word' id='word_1_76' title='bbox 351 1012 466 1051; x_wconf 89' lang='lat' dir='ltr'>suo</span> <span class='ocrx_word' id='word_1_77' title='bbox 515 993 757 1051; x_wconf 88' lang='lat' dir='ltr'>nomine</span> <span class='ocrx_word' id='word_1_78' title='bbox 803 994 1036 1064; x_wconf 79' lang='lat' dir='ltr'>indixit,</span> <span class='ocrx_word' id='word_1_79' title='bbox 1078 1000 1141 1052; x_wconf 88' lang='lat' dir='ltr'>et</span> <span class='ocrx_word' id='word_1_80' title='bbox 1181 995 1285 1051; x_wconf 88' lang='lat' dir='ltr'>illa</span> <span class='ocrx_word' id='word_1_81' title='bbox 1326 1004 1524 1053; x_wconf 88' lang='lat' dir='ltr'>castra</span> <span class='ocrx_word' id='word_1_82' title='bbox 1569 991 1745 1052; x_wconf 80' lang='lat' dir='ltr'>nunc&#39;</span> <span class='ocrx_word' id='word_1_83' title='bbox 1770 1014 1889 1051; x_wconf 87' lang='lat' dir='ltr'>non</span> <span class='ocrx_word' id='word_1_84' title='bbox 1924 997 1995 1053; x_wconf 90' lang='grc'>10</span> 
     </span>
     <span class='ocr_line' id='line_1_12' title="bbox 138 1069 1892 1149; baseline 0.002 -22"><span class='ocrx_word' id='word_1_85' title='bbox 138 1069 465 1130; x_wconf 86' lang='lat' dir='ltr'>Catilinam</span> <span class='ocrx_word' id='word_1_86' title='bbox 497 1073 711 1130; x_wconf 91' lang='lat' dir='ltr'>ducem</span> <span class='ocrx_word' id='word_1_87' title='bbox 756 1080 1110 1149; x_wconf 86' lang='lat' dir='ltr'>exspectant</span> <span class='ocrx_word' id='word_1_88' title='bbox 1155 1080 1215 1130; x_wconf 89' lang='lat' dir='ltr'>et</span> <span class='ocrx_word' id='word_1_89' title='bbox 1244 1074 1341 1131; x_wconf 90' lang='lat' dir='ltr'>ille</span> <span class='ocrx_word' id='word_1_90' title='bbox 1386 1078 1609 1149; x_wconf 76' lang='lat' dir='ltr'>eJectus</span> <span class='ocrx_word' id='word_1_91' title='bbox 1649 1076 1711 1131; x_wconf 91' lang='lat' dir='ltr'>in</span> <span class='ocrx_word' id='word_1_92' title='bbox 1741 1076 1892 1131; x_wconf 77' lang='lat' dir='ltr'>exsi-</span> 
     </span>
     <span class='ocr_line' id='line_1_13' title="bbox 134 1149 1891 1225; baseline 0.003 -21"><span class='ocrx_word' id='word_1_93' title='bbox 134 1149 273 1207; x_wconf 89' lang='lat' dir='ltr'>lium</span> <span class='ocrx_word' id='word_1_94' title='bbox 302 1170 366 1210; x_wconf 90' lang='lat' dir='ltr'>se</span> <span class='ocrx_word' id='word_1_95' title='bbox 400 1152 762 1223; x_wconf 81' lang='lat' dir='ltr'>Massiliam,</span> <span class='ocrx_word' id='word_1_96' title='bbox 794 1162 864 1210; x_wconf 84' lang='lat' dir='ltr'>ut</span> <span class='ocrx_word' id='word_1_97' title='bbox 892 1155 1080 1225; x_wconf 85' lang='lat' dir='ltr'>aiunt,</span> <span class='ocrx_word' id='word_1_98' title='bbox 1107 1172 1229 1211; x_wconf 88' lang='lat' dir='ltr'>non</span> <span class='ocrx_word' id='word_1_99' title='bbox 1260 1156 1321 1212; x_wconf 90' lang='lat' dir='ltr'>in</span> <span class='ocrx_word' id='word_1_100' title='bbox 1351 1155 1498 1212; x_wconf 88' lang='lat' dir='ltr'>haec</span> <span class='ocrx_word' id='word_1_101' title='bbox 1528 1164 1727 1212; x_wconf 82' lang='lat' dir='ltr'>castra</span> <span class='ocrx_word' id='word_1_102' title='bbox 1756 1173 1891 1212; x_wconf 87' lang='lat' dir='ltr'>con-</span> 
     </span>
     <span class='ocr_line' id='line_1_14' title="bbox 134 1228 290 1288; baseline 0.019 -3"><span class='ocrx_word' id='word_1_103' title='bbox 134 1228 290 1288; x_wconf 86' lang='lat' dir='ltr'>feret.</span> 
     </span>
    </p>

    <p class='ocr_par' dir='ltr' id='par_1_3' title="bbox 112 1310 2001 3380">
     <span class='ocr_line' id='line_1_15' title="bbox 211 1310 1894 1380; baseline -0.001 -10"><span class='ocrx_word' id='word_1_104' title='bbox 211 1312 259 1370; x_wconf 79' lang='lat'>7.</span> <span class='ocrx_word' id='word_1_105' title='bbox 326 1311 383 1369; x_wconf 91' lang='grc' dir='ltr'><strong>Ο</strong></span> <span class='ocrx_word' id='word_1_106' title='bbox 435 1310 848 1368; x_wconf 88' lang='lat' dir='ltr'>condicionem</span> <span class='ocrx_word' id='word_1_107' title='bbox 906 1312 1188 1369; x_wconf 86' lang='lat' dir='ltr'>miseram</span> <span class='ocrx_word' id='word_1_108' title='bbox 1242 1332 1363 1371; x_wconf 91' lang='lat' dir='ltr'>non</span> <span class='ocrx_word' id='word_1_109' title='bbox 1414 1313 1593 1372; x_wconf 87' lang='lat' dir='ltr'>modo</span> <span class='ocrx_word' id='word_1_110' title='bbox 1637 1314 1894 1380; x_wconf 69' lang='lat' dir='ltr'>,admini-</span> 
     </span>
     <span class='ocr_line' id='line_1_16' title="bbox 137 1391 1993 1469; baseline 0.004 -25"><span class='ocrx_word' id='word_1_111' title='bbox 137 1392 439 1460; x_wconf 84' lang='lat' dir='ltr'>strandae,</span> <span class='ocrx_word' id='word_1_112' title='bbox 473 1409 680 1448; x_wconf 85' lang='lat' dir='ltr'>verum</span> <span class='ocrx_word' id='word_1_113' title='bbox 728 1392 915 1448; x_wconf 87' lang='lat' dir='ltr'>etiam</span> <span class='ocrx_word' id='word_1_114' title='bbox 950 1394 1402 1451; x_wconf 86' lang='lat' dir='ltr'>conservandae</span> <span class='ocrx_word' id='word_1_115' title='bbox 1448 1395 1530 1452; x_wconf 91' lang='lat' dir='ltr'>rei</span> <span class='ocrx_word' id='word_1_116' title='bbox 1577 1391 1887 1469; x_wconf 80' lang='lat' dir='ltr'>publicael</span> <span class='ocrx_word' id='word_1_117' title='bbox 1923 1395 1993 1451; x_wconf 87' lang='lat'>15</span> 
     </span>
     <span class='ocr_line' id='line_1_17' title="bbox 136 1467 1891 1549; baseline 0.003 -25"><span class='ocrx_word' id='word_1_118' title='bbox 136 1467 310 1528; x_wconf 87' lang='lat' dir='ltr'>Nunc</span> <span class='ocrx_word' id='word_1_119' title='bbox 363 1470 418 1527; x_wconf 91' lang='lat' dir='ltr'>si</span> <span class='ocrx_word' id='word_1_120' title='bbox 469 1469 538 1528; x_wconf 86' lang='lat' dir='ltr'>L.</span> <span class='ocrx_word' id='word_1_121' title='bbox 590 1470 854 1528; x_wconf 87' lang='lat' dir='ltr'>Catilina</span> <span class='ocrx_word' id='word_1_122' title='bbox 908 1473 1195 1538; x_wconf 89' lang='lat' dir='ltr'>consiliis,</span> <span class='ocrx_word' id='word_1_123' title='bbox 1239 1474 1562 1542; x_wconf 74' lang='lat' dir='ltr'>laboribuS,</span> <span class='ocrx_word' id='word_1_124' title='bbox 1607 1473 1891 1549; x_wconf 85' lang='lat' dir='ltr'>periculis</span> 
     </span>
     <span class='ocr_line' id='line_1_18' title="bbox 136 1550 1888 1629; baseline 0.003 -26"><span class='ocrx_word' id='word_1_125' title='bbox 136 1551 281 1606; x_wconf 88' lang='lat' dir='ltr'>meis</span> <span class='ocrx_word' id='word_1_126' title='bbox 311 1550 743 1608; x_wconf 86' lang='lat' dir='ltr'>circumclusus</span> <span class='ocrx_word' id='word_1_127' title='bbox 776 1569 844 1609; x_wconf 86' lang='lat' dir='ltr'>ae</span> <span class='ocrx_word' id='word_1_128' title='bbox 872 1552 1227 1610; x_wconf 87' lang='lat' dir='ltr'>debilitatus</span> <span class='ocrx_word' id='word_1_129' title='bbox 1263 1554 1468 1610; x_wconf 87' lang='lat' dir='ltr'>subito</span> <span class='ocrx_word' id='word_1_130' title='bbox 1497 1554 1888 1629; x_wconf 87' lang='lat' dir='ltr'>pertimuerit,</span> 
     </span>
     <span class='ocr_line' id='line_1_19' title="bbox 137 1629 1890 1701; baseline 0.001 -16"><span class='ocrx_word' id='word_1_131' title='bbox 137 1629 502 1686; x_wconf 85' lang='lat' dir='ltr'>sententiam</span> <span class='ocrx_word' id='word_1_132' title='bbox 560 1632 903 1701; x_wconf 86' lang='lat' dir='ltr'>mutaverit,</span> <span class='ocrx_word' id='word_1_133' title='bbox 962 1632 1298 1689; x_wconf 85' lang='lat' dir='ltr'>deseruerit</span> <span class='ocrx_word' id='word_1_134' title='bbox 1354 1651 1512 1696; x_wconf 88' lang='lat' dir='ltr'>suos,</span> <span class='ocrx_word' id='word_1_135' title='bbox 1573 1633 1890 1690; x_wconf 86' lang='lat' dir='ltr'>consilium</span> 
     </span>
     <span class='ocr_line' id='line_1_20' title="bbox 137 1707 1886 1783; baseline 0.002 -19"><span class='ocrx_word' id='word_1_136' title='bbox 137 1707 274 1765; x_wconf 91' lang='lat' dir='ltr'>belli</span> <span class='ocrx_word' id='word_1_137' title='bbox 305 1709 564 1780; x_wconf 84' lang='lat' dir='ltr'>faciendi</span> <span class='ocrx_word' id='word_1_138' title='bbox 596 1710 893 1783; x_wconf 86' lang='lat' dir='ltr'>abjecerit,</span> <span class='ocrx_word' id='word_1_139' title='bbox 919 1730 993 1768; x_wconf 89' lang='lat' dir='ltr'>ex</span> <span class='ocrx_word' id='word_1_140' title='bbox 1024 1711 1135 1768; x_wconf 88' lang='lat' dir='ltr'>hoc</span> <span class='ocrx_word' id='word_1_141' title='bbox 1166 1729 1347 1769; x_wconf 86' lang='lat' dir='ltr'>cursu</span> <span class='ocrx_word' id='word_1_142' title='bbox 1382 1711 1621 1778; x_wconf 82' lang='lat' dir='ltr'>sceleris</span> <span class='ocrx_word' id='word_1_143' title='bbox 1653 1730 1719 1770; x_wconf 88' lang='lat' dir='ltr'>ae</span> <span class='ocrx_word' id='word_1_144' title='bbox 1749 1712 1886 1768; x_wconf 86' lang='lat' dir='ltr'>belli</span> 
     </span>
     <span class='ocr_line' id='line_1_21' title="bbox 136 1786 1995 1864; baseline 0 -20"><span class='ocrx_word' id='word_1_145' title='bbox 136 1786 248 1844; x_wconf 85' lang='lat' dir='ltr'>iter</span> <span class='ocrx_word' id='word_1_146' title='bbox 277 1789 355 1845; x_wconf 91' lang='lat' dir='ltr'>ad</span> <span class='ocrx_word' id='word_1_147' title='bbox 386 1790 593 1863; x_wconf 82' lang='lat' dir='ltr'>fugam</span> <span class='ocrx_word' id='word_1_148' title='bbox 625 1796 806 1864; x_wconf 89' lang='lat' dir='ltr'>atque</span> <span class='ocrx_word' id='word_1_149' title='bbox 836 1791 896 1847; x_wconf 89' lang='lat' dir='ltr'>in</span> <span class='ocrx_word' id='word_1_150' title='bbox 927 1792 1206 1848; x_wconf 82' lang='lat' dir='ltr'>exsilium</span> <span class='ocrx_word' id='word_1_151' title='bbox 1232 1793 1613 1862; x_wconf 81' lang='lat' dir='ltr'>converterit,</span> <span class='ocrx_word' id='word_1_152' title='bbox 1641 1810 1759 1849; x_wconf 90' lang='lat' dir='ltr'>non</span> <span class='ocrx_word' id='word_1_153' title='bbox 1792 1791 1889 1847; x_wconf 89' lang='lat' dir='ltr'>ille</span> <span class='ocrx_word' id='word_1_154' title='bbox 1922 1786 1995 1845; x_wconf 82' lang='lat'>20</span> 
     </span>
     <span class='ocr_line' id='line_1_22' title="bbox 138 1869 1892 1947; baseline 0.003 -24"><span class='ocrx_word' id='word_1_155' title='bbox 138 1885 173 1923; x_wconf 88' lang='lat' dir='ltr'>a</span> <span class='ocrx_word' id='word_1_156' title='bbox 200 1886 297 1924; x_wconf 90' lang='lat' dir='ltr'>me</span> <span class='ocrx_word' id='word_1_157' title='bbox 323 1869 621 1944; x_wconf 85' lang='lat' dir='ltr'>spoliatus</span> <span class='ocrx_word' id='word_1_158' title='bbox 652 1870 837 1927; x_wconf 88' lang='lat' dir='ltr'>armis</span> <span class='ocrx_word' id='word_1_159' title='bbox 861 1872 1165 1945; x_wconf 67' lang='lat' dir='ltr'>audaciae,</span> <span class='ocrx_word' id='word_1_160' title='bbox 1193 1890 1310 1928; x_wconf 92' lang='lat' dir='ltr'>non</span> <span class='ocrx_word' id='word_1_161' title='bbox 1336 1874 1792 1947; x_wconf 86' lang='lat' dir='ltr'>obstupefactus</span> <span class='ocrx_word' id='word_1_162' title='bbox 1825 1889 1892 1928; x_wconf 84' lang='lat' dir='ltr'>ac</span> 
     </span>
     <span class='ocr_line' id='line_1_23' title="bbox 136 1945 1894 2027; baseline 0.003 -24"><span class='ocrx_word' id='word_1_163' title='bbox 136 1950 490 2024; x_wconf 86' lang='lat' dir='ltr'>perterritus</span> <span class='ocrx_word' id='word_1_164' title='bbox 522 1966 656 2005; x_wconf 89' lang='lat' dir='ltr'>mea</span> <span class='ocrx_word' id='word_1_165' title='bbox 677 1949 1014 2024; x_wconf 83' lang='lat' dir='ltr'>diligentia,</span> <span class='ocrx_word' id='word_1_166' title='bbox 1042 1945 1162 2007; x_wconf 78' lang='lat' dir='ltr'>n‘on</span> <span class='ocrx_word' id='word_1_167' title='bbox 1194 1952 1267 2008; x_wconf 90' lang='lat' dir='ltr'>de</span> <span class='ocrx_word' id='word_1_168' title='bbox 1292 1969 1397 2026; x_wconf 86' lang='lat' dir='ltr'>spe</span> <span class='ocrx_word' id='word_1_169' title='bbox 1429 1961 1764 2027; x_wconf 84' lang='lat' dir='ltr'>conatuque</span> <span class='ocrx_word' id='word_1_170' title='bbox 1797 1952 1894 2008; x_wconf 88' lang='lat' dir='ltr'>de-</span> 
     </span>
     <span class='ocr_line' id='line_1_24' title="bbox 136 2027 1892 2103; baseline 0.005 -21"><span class='ocrx_word' id='word_1_171' title='bbox 136 2027 364 2100; x_wconf 77' lang='lat' dir='ltr'>pulsuS,</span> <span class='ocrx_word' id='word_1_172' title='bbox 388 2029 496 2085; x_wconf 91' lang='lat' dir='ltr'>sed</span> <span class='ocrx_word' id='word_1_173' title='bbox 526 2028 927 2099; x_wconf 52' lang='lat' dir='ltr'>indemnatus</span> <span class='ocrx_word' id='word_1_174' title='bbox 955 2031 1242 2087; x_wconf 83' lang='lat' dir='ltr'>innocens</span> <span class='ocrx_word' id='word_1_175' title='bbox 1274 2032 1332 2087; x_wconf 91' lang='lat' dir='ltr'>in</span> <span class='ocrx_word' id='word_1_176' title='bbox 1357 2032 1636 2088; x_wconf 84' lang='lat' dir='ltr'>exsilium</span> <span class='ocrx_word' id='word_1_177' title='bbox 1668 2032 1892 2103; x_wconf 73' lang='lat' dir='ltr'>ejectus</span> 
     </span>
     <span class='ocr_line' id='line_1_25' title="bbox 138 2108 1892 2185; baseline 0.002 -23"><span class='ocrx_word' id='word_1_178' title='bbox 138 2124 174 2162; x_wconf 87' lang='lat' dir='ltr'>a</span> <span class='ocrx_word' id='word_1_179' title='bbox 223 2108 469 2164; x_wconf 87' lang='lat' dir='ltr'>consule</span> <span class='ocrx_word' id='word_1_180' title='bbox 511 2108 571 2163; x_wconf 88' lang='lat' dir='ltr'>vi</span> <span class='ocrx_word' id='word_1_181' title='bbox 615 2114 675 2165; x_wconf 84' lang='lat' dir='ltr'>et</span> <span class='ocrx_word' id='word_1_182' title='bbox 725 2109 905 2164; x_wconf 90' lang='lat' dir='ltr'>minis</span> <span class='ocrx_word' id='word_1_183' title='bbox 948 2128 1080 2166; x_wconf 89' lang='lat' dir='ltr'>esse</span> <span class='ocrx_word' id='word_1_184' title='bbox 1123 2111 1388 2168; x_wconf 78' lang='lat' dir='ltr'>dicetur:</span> <span class='ocrx_word' id='word_1_185' title='bbox 1447 2118 1508 2168; x_wconf 89' lang='lat' dir='ltr'>et</span> <span class='ocrx_word' id='word_1_186' title='bbox 1551 2118 1745 2179; x_wconf 81' lang='lat' dir='ltr'>erunt,</span> <span class='ocrx_word' id='word_1_187' title='bbox 1790 2110 1892 2185; x_wconf 87' lang='lat' dir='ltr'>qui</span> 
     </span>
     <span class='ocr_line' id='line_1_26' title="bbox 134 2185 1998 2265; baseline 0.002 -24"><span class='ocrx_word' id='word_1_188' title='bbox 134 2185 324 2257; x_wconf 90' lang='lat' dir='ltr'>illum,</span> <span class='ocrx_word' id='word_1_189' title='bbox 346 2187 400 2243; x_wconf 90' lang='lat' dir='ltr'>si</span> <span class='ocrx_word' id='word_1_190' title='bbox 427 2187 537 2244; x_wconf 89' lang='lat' dir='ltr'>boc</span> <span class='ocrx_word' id='word_1_191' title='bbox 556 2187 775 2258; x_wconf 87' lang='lat' dir='ltr'>fecerit,</span> <span class='ocrx_word' id='word_1_192' title='bbox 804 2206 922 2245; x_wconf 90' lang='lat' dir='ltr'>non</span> <span class='ocrx_word' id='word_1_193' title='bbox 945 2189 1300 2265; x_wconf 89' lang='lat' dir='ltr'>improbum,</span> <span class='ocrx_word' id='word_1_194' title='bbox 1324 2191 1426 2248; x_wconf 90' lang='lat' dir='ltr'>sed</span> <span class='ocrx_word' id='word_1_195' title='bbox 1461 2192 1764 2258; x_wconf 86' lang='lat' dir='ltr'>miserum,</span> <span class='ocrx_word' id='word_1_196' title='bbox 1799 2209 1893 2246; x_wconf 92' lang='lat' dir='ltr'>me</span> <span class='ocrx_word' id='word_1_197' title='bbox 1926 2189 1998 2244; x_wconf 80' lang='lat'>25</span> 
     </span>
     <span class='ocr_line' id='line_1_27' title="bbox 134 2266 1895 2340; baseline 0.003 -20"><span class='ocrx_word' id='word_1_198' title='bbox 134 2282 260 2321; x_wconf 90' lang='lat' dir='ltr'>non</span> <span class='ocrx_word' id='word_1_199' title='bbox 299 2266 834 2340; x_wconf 86' lang='lat' dir='ltr'>diligentissimum</span> <span class='ocrx_word' id='word_1_200' title='bbox 883 2271 1208 2338; x_wconf 88' lang='lat' dir='ltr'>consulem,</span> <span class='ocrx_word' id='word_1_201' title='bbox 1259 2272 1364 2327; x_wconf 89' lang='lat' dir='ltr'>sed</span> <span class='ocrx_word' id='word_1_202' title='bbox 1415 2270 1895 2327; x_wconf 82' lang='lat' dir='ltr'>crudelissimum</span> 
     </span>
     <span class='ocr_line' id='line_1_28' title="bbox 136 2347 1897 2422; baseline 0.003 -22"><span class='ocrx_word' id='word_1_203' title='bbox 136 2351 464 2418; x_wconf 83' lang='lat' dir='ltr'>tyrannum</span> <span class='ocrx_word' id='word_1_204' title='bbox 513 2347 848 2403; x_wconf 77' lang='lat' dir='ltr'>existimari</span> <span class='ocrx_word' id='word_1_205' title='bbox 899 2348 1114 2406; x_wconf 76' lang='lat' dir='ltr'>velint!</span> <span class='ocrx_word' id='word_1_206' title='bbox 1201 2350 1316 2405; x_wconf 90' lang='lat' dir='ltr'>Est</span> <span class='ocrx_word' id='word_1_207' title='bbox 1361 2350 1508 2406; x_wconf 88' lang='lat' dir='ltr'>mihi</span> <span class='ocrx_word' id='word_1_208' title='bbox 1545 2351 1719 2419; x_wconf 88' lang='lat' dir='ltr'>tanti,</span> <span class='ocrx_word' id='word_1_209' title='bbox 1755 2350 1897 2422; x_wconf 75' lang='lat' dir='ltr'>Qui-</span> 
     </span>
     <span class='ocr_line' id='line_1_29' title="bbox 135 2424 1896 2504; baseline 0.003 -24"><span class='ocrx_word' id='word_1_210' title='bbox 135 2424 305 2494; x_wconf 77' lang='lat' dir='ltr'>riteS,</span> <span class='ocrx_word' id='word_1_211' title='bbox 338 2425 518 2498; x_wconf 87' lang='lat' dir='ltr'>hujus</span> <span class='ocrx_word' id='word_1_212' title='bbox 563 2426 828 2483; x_wconf 87' lang='lat' dir='ltr'>invidiae</span> <span class='ocrx_word' id='word_1_213' title='bbox 860 2427 1047 2484; x_wconf 86' lang='lat' dir='ltr'>falsae</span> <span class='ocrx_word' id='word_1_214' title='bbox 1092 2435 1273 2503; x_wconf 89' lang='lat' dir='ltr'>atque</span> <span class='ocrx_word' id='word_1_215' title='bbox 1303 2429 1543 2504; x_wconf 87' lang='lat' dir='ltr'>iniquae</span> <span class='ocrx_word' id='word_1_216' title='bbox 1575 2439 1896 2503; x_wconf 79' lang='lat' dir='ltr'>tempesta-</span> 
     </span>
     <span class='ocr_line' id='line_1_30' title="bbox 112 2506 1894 2583; baseline 0 -19"><span class='ocrx_word' id='word_1_217' title='bbox 112 2507 264 2564; x_wconf 52' lang='lat' dir='ltr'>,tem</span> <span class='ocrx_word' id='word_1_218' title='bbox 291 2506 506 2574; x_wconf 87' lang='lat' dir='ltr'>subire,</span> <span class='ocrx_word' id='word_1_219' title='bbox 539 2506 683 2561; x_wconf 85' lang='lat' dir='ltr'>dum</span> <span class='ocrx_word' id='word_1_220' title='bbox 714 2507 893 2563; x_wconf 92' lang='lat' dir='ltr'>modo</span> <span class='ocrx_word' id='word_1_221' title='bbox 924 2525 961 2562; x_wconf 89' lang='lat' dir='ltr'>a</span> <span class='ocrx_word' id='word_1_222' title='bbox 992 2508 1164 2566; x_wconf 88' lang='lat' dir='ltr'>vobis</span> <span class='ocrx_word' id='word_1_223' title='bbox 1207 2509 1384 2583; x_wconf 86' lang='lat' dir='ltr'>hujus</span> <span class='ocrx_word' id='word_1_224' title='bbox 1416 2509 1724 2567; x_wconf 87' lang='lat' dir='ltr'>horribilis</span> <span class='ocrx_word' id='word_1_225' title='bbox 1756 2508 1894 2565; x_wconf 86' lang='lat' dir='ltr'>belli</span> 
     </span>
     <span class='ocr_line' id='line_1_31' title="bbox 138 2584 2001 2661; baseline 0.003 -21"><span class='ocrx_word' id='word_1_226' title='bbox 138 2599 209 2640; x_wconf 85' lang='lat' dir='ltr'>ac</span> <span class='ocrx_word' id='word_1_227' title='bbox 240 2585 446 2641; x_wconf 88' lang='lat' dir='ltr'>nefarii</span> <span class='ocrx_word' id='word_1_228' title='bbox 477 2584 810 2659; x_wconf 88' lang='lat' dir='ltr'>periculum</span> <span class='ocrx_word' id='word_1_229' title='bbox 834 2587 1201 2661; x_wconf 81' lang='lat' dir='ltr'>depellatur:</span> <span class='ocrx_word' id='word_1_230' title='bbox 1246 2589 1480 2646; x_wconf 88' lang='lat' dir='ltr'>dicatur</span> <span class='ocrx_word' id='word_1_231' title='bbox 1503 2607 1646 2646; x_wconf 90' lang='lat' dir='ltr'>sane</span> <span class='ocrx_word' id='word_1_232' title='bbox 1670 2591 1895 2661; x_wconf 78' lang='lat' dir='ltr'>eJeetus</span> <span class='ocrx_word' id='word_1_233' title='bbox 1926 2589 2001 2645; x_wconf 84' lang='lat'>30</span> 
     </span>
     <span class='ocr_line' id='line_1_32' title="bbox 138 2664 1897 2733; baseline 0.003 -15"><span class='ocrx_word' id='word_1_234' title='bbox 138 2679 273 2718; x_wconf 90' lang='lat' dir='ltr'>esse</span> <span class='ocrx_word' id='word_1_235' title='bbox 318 2683 353 2720; x_wconf 91' lang='lat' dir='ltr'>a</span> <span class='ocrx_word' id='word_1_236' title='bbox 398 2682 510 2733; x_wconf 83' lang='lat' dir='ltr'>me,</span> <span class='ocrx_word' id='word_1_237' title='bbox 544 2664 688 2721; x_wconf 90' lang='lat' dir='ltr'>dum</span> <span class='ocrx_word' id='word_1_238' title='bbox 735 2667 914 2722; x_wconf 89' lang='lat' dir='ltr'>modo</span> <span class='ocrx_word' id='word_1_239' title='bbox 958 2672 1058 2723; x_wconf 91' lang='lat' dir='ltr'>eat</span> <span class='ocrx_word' id='word_1_240' title='bbox 1099 2668 1160 2723; x_wconf 92' lang='lat' dir='ltr'>in</span> <span class='ocrx_word' id='word_1_241' title='bbox 1203 2669 1502 2728; x_wconf 87' lang='lat' dir='ltr'>exsilium.</span> <span class='ocrx_word' id='word_1_242' title='bbox 1590 2668 1706 2726; x_wconf 86' lang='lat' dir='ltr'>Sed</span> <span class='ocrx_word' id='word_1_243' title='bbox 1747 2668 1897 2724; x_wconf 90' lang='lat' dir='ltr'>mihi</span> 
     </span>
     <span class='ocr_line' id='line_1_33' title="bbox 141 2742 1898 2822; baseline 0.003 -25"><span class='ocrx_word' id='word_1_244' title='bbox 141 2742 379 2813; x_wconf 89' lang='lat' dir='ltr'>credite,</span> <span class='ocrx_word' id='word_1_245' title='bbox 412 2762 533 2801; x_wconf 90' lang='lat' dir='ltr'>non</span> <span class='ocrx_word' id='word_1_246' title='bbox 562 2753 657 2800; x_wconf 87' lang='lat' dir='ltr'>est</span> <span class='ocrx_word' id='word_1_247' title='bbox 687 2744 916 2802; x_wconf 86' lang='lat' dir='ltr'>iturus:</span> <span class='ocrx_word' id='word_1_248' title='bbox 962 2764 1290 2821; x_wconf 88' lang='lat' dir='ltr'>numquam</span> <span class='ocrx_word' id='word_1_249' title='bbox 1320 2766 1433 2822; x_wconf 81' lang='lat' dir='ltr'>ego</span> <span class='ocrx_word' id='word_1_250' title='bbox 1465 2766 1499 2804; x_wconf 90' lang='lat' dir='ltr'>a</span> <span class='ocrx_word' id='word_1_251' title='bbox 1528 2748 1621 2805; x_wconf 92' lang='lat' dir='ltr'>dis</span> <span class='ocrx_word' id='word_1_252' title='bbox 1660 2748 1898 2804; x_wconf 87' lang='lat' dir='ltr'>immor-</span> 
     </span>
     <span class='ocr_line' id='line_1_34' title="bbox 137 2821 1894 2898; baseline 0.003 -21"><span class='ocrx_word' id='word_1_253' title='bbox 137 2821 364 2881; x_wconf 75' lang='lat' dir='ltr'>talibus</span> <span class='ocrx_word' id='word_1_254' title='bbox 415 2824 655 2898; x_wconf 86' lang='lat' dir='ltr'>optabO,</span> <span class='ocrx_word' id='word_1_255' title='bbox 712 2826 996 2897; x_wconf 76' lang='lat' dir='ltr'>Quirites,</span> <span class='ocrx_word' id='word_1_256' title='bbox 1049 2826 1317 2885; x_wconf 85' lang='lat' dir='ltr'>invidiae</span> <span class='ocrx_word' id='word_1_257' title='bbox 1367 2846 1536 2885; x_wconf 89' lang='lat' dir='ltr'>meae</span> <span class='ocrx_word' id='word_1_258' title='bbox 1599 2827 1894 2884; x_wconf 89' lang='lat' dir='ltr'>levandae</span> 
     </span>
     <span class='ocr_line' id='line_1_35' title="bbox 141 2902 1892 2974; baseline 0.004 -18"><span class='ocrx_word' id='word_1_259' title='bbox 141 2918 339 2974; x_wconf 88' lang='lat' dir='ltr'>causa,</span> <span class='ocrx_word' id='word_1_260' title='bbox 371 2908 441 2960; x_wconf 89' lang='lat' dir='ltr'>ut</span> <span class='ocrx_word' id='word_1_261' title='bbox 488 2902 556 2960; x_wconf 88' lang='lat' dir='ltr'>L.</span> <span class='ocrx_word' id='word_1_262' title='bbox 604 2902 932 2962; x_wconf 84' lang='lat' dir='ltr'>Catilinam</span> <span class='ocrx_word' id='word_1_263' title='bbox 979 2906 1194 2963; x_wconf 88' lang='lat' dir='ltr'>ducere</span> <span class='ocrx_word' id='word_1_264' title='bbox 1245 2908 1576 2964; x_wconf 84' lang='lat' dir='ltr'>exercitum</span> <span class='ocrx_word' id='word_1_265' title='bbox 1626 2907 1892 2964; x_wconf 90' lang='lat' dir='ltr'>hostium</span> 
     </span>
     <span class='ocr_line' id='line_1_36' title="bbox 142 2983 1997 3060; baseline 0.001 -23"><span class='ocrx_word' id='word_1_266' title='bbox 142 2988 323 3055; x_wconf 86' lang='lat' dir='ltr'>atque</span> <span class='ocrx_word' id='word_1_267' title='bbox 366 2983 430 3039; x_wconf 91' lang='lat' dir='ltr'>in</span> <span class='ocrx_word' id='word_1_268' title='bbox 461 2983 645 3040; x_wconf 86' lang='lat' dir='ltr'>armis</span> <span class='ocrx_word' id='word_1_269' title='bbox 677 2984 930 3041; x_wconf 88' lang='lat' dir='ltr'>volitare</span> <span class='ocrx_word' id='word_1_270' title='bbox 965 2985 1267 3060; x_wconf 77' lang='lat' dir='ltr'>audiatis3</span> <span class='ocrx_word' id='word_1_271' title='bbox 1312 2988 1419 3043; x_wconf 89' lang='lat' dir='ltr'>sed</span> <span class='ocrx_word' id='word_1_272' title='bbox 1459 2987 1659 3043; x_wconf 87' lang='lat' dir='ltr'>triduo</span> <span class='ocrx_word' id='word_1_273' title='bbox 1689 2994 1892 3042; x_wconf 84' lang='lat' dir='ltr'>tamen</span> <span class='ocrx_word' id='word_1_274' title='bbox 1924 2985 1997 3039; x_wconf 87' lang='lat'>35</span> 
     </span>
     <span class='ocr_line' id='line_1_37' title="bbox 146 3061 1894 3144; baseline 0.002 -29"><span class='ocrx_word' id='word_1_275' title='bbox 146 3061 417 3131; x_wconf 75' lang='lat' dir='ltr'>audIetiS,</span> <span class='ocrx_word' id='word_1_276' title='bbox 463 3062 775 3136; x_wconf 86' lang='lat' dir='ltr'>multoque</span> <span class='ocrx_word' id='word_1_277' title='bbox 824 3065 1021 3138; x_wconf 86' lang='lat' dir='ltr'>magis</span> <span class='ocrx_word' id='word_1_278' title='bbox 1063 3065 1210 3144; x_wconf 55' lang='lat' dir='ltr'>iilud</span> <span class='ocrx_word' id='word_1_279' title='bbox 1255 3066 1455 3134; x_wconf 79' lang='lat' dir='ltr'>timeO,</span> <span class='ocrx_word' id='word_1_280' title='bbox 1502 3085 1574 3123; x_wconf 88' lang='lat' dir='ltr'>ne</span> <span class='ocrx_word' id='word_1_281' title='bbox 1618 3067 1766 3122; x_wconf 88' lang='lat' dir='ltr'>mihi</span> <span class='ocrx_word' id='word_1_282' title='bbox 1813 3066 1894 3120; x_wconf 87' lang='lat' dir='ltr'>sit</span> 
     </span>
     <span class='ocr_line' id='line_1_38' title="bbox 148 3137 1894 3218; baseline 0.003 -25"><span class='ocrx_word' id='word_1_283' title='bbox 148 3137 512 3199; x_wconf 81' lang='lat' dir='ltr'>invidiosum</span> <span class='ocrx_word' id='word_1_284' title='bbox 560 3142 902 3216; x_wconf 77' lang='lat' dir='ltr'>aliquande,</span> <span class='ocrx_word' id='word_1_285' title='bbox 934 3144 1095 3218; x_wconf 90' lang='lat' dir='ltr'>quod</span> <span class='ocrx_word' id='word_1_286' title='bbox 1141 3145 1310 3200; x_wconf 91' lang='lat' dir='ltr'>illum</span> <span class='ocrx_word' id='word_1_287' title='bbox 1341 3146 1643 3202; x_wconf 88' lang='lat' dir='ltr'>emiserim</span> <span class='ocrx_word' id='word_1_288' title='bbox 1689 3145 1894 3217; x_wconf 88' lang='lat' dir='ltr'>potius</span> 
     </span>
     <span class='ocr_line' id='line_1_39' title="bbox 147 3220 1893 3297; baseline 0.001 -25"><span class='ocrx_word' id='word_1_289' title='bbox 147 3235 319 3291; x_wconf 86' lang='lat' dir='ltr'>quam</span> <span class='ocrx_word' id='word_1_290' title='bbox 368 3222 531 3297; x_wconf 89' lang='lat' dir='ltr'>quod</span> <span class='ocrx_word' id='word_1_291' title='bbox 583 3223 868 3294; x_wconf 85' lang='lat' dir='ltr'>ejecerim.</span> <span class='ocrx_word' id='word_1_292' title='bbox 961 3223 1080 3280; x_wconf 81' lang='lat' dir='ltr'>Sed</span> <span class='ocrx_word' id='word_1_293' title='bbox 1129 3241 1263 3279; x_wconf 88' lang='lat' dir='ltr'>cum</span> <span class='ocrx_word' id='word_1_294' title='bbox 1309 3225 1431 3282; x_wconf 88' lang='lat' dir='ltr'>sint</span> <span class='ocrx_word' id='word_1_295' title='bbox 1475 3224 1746 3280; x_wconf 82' lang='lat' dir='ltr'>homines</span> <span class='ocrx_word' id='word_1_296' title='bbox 1790 3220 1893 3294; x_wconf 85' lang='lat' dir='ltr'>qui</span> 
     </span>
     <span class='ocr_line' id='line_1_40' title="bbox 146 3294 1892 3380; baseline 0.001 -27"><span class='ocrx_word' id='word_1_297' title='bbox 146 3294 329 3372; x_wconf 79' lang='lat' dir='ltr'>illum,</span> <span class='ocrx_word' id='word_1_298' title='bbox 358 3317 493 3358; x_wconf 81' lang='lat' dir='ltr'>oum</span> <span class='ocrx_word' id='word_1_299' title='bbox 524 3303 825 3380; x_wconf 84' lang='lat' dir='ltr'>profectus</span> <span class='ocrx_word' id='word_1_300' title='bbox 869 3301 965 3372; x_wconf 89' lang='lat' dir='ltr'>sit,</span> <span class='ocrx_word' id='word_1_301' title='bbox 990 3303 1248 3375; x_wconf 82' lang='lat' dir='ltr'>ejectum</span> <span class='ocrx_word' id='word_1_302' title='bbox 1277 3319 1409 3359; x_wconf 74' lang='lat' dir='ltr'>csse</span> <span class='ocrx_word' id='word_1_303' title='bbox 1439 3304 1657 3367; x_wconf 71' lang='lat' dir='ltr'>dicant,</span> <span class='ocrx_word' id='word_1_304' title='bbox 1690 3299 1892 3355; x_wconf 80' lang='lat' dir='ltr'>iidem.</span> 
     </span>
    </p>
   </div>
   <div class='ocr_carea' id='block_1_3' title="bbox 1677 3417 1840 3464">
    <p class='ocr_par' dir='ltr' id='par_1_4' title="bbox 1677 3417 1840 3464">
     <span class='ocr_line' id='line_1_41' title="bbox 1677 3417 1840 3464; baseline 0 -40"><span class='ocrx_word' id='word_1_305' title='bbox 1677 3417 1710 3464; x_wconf 31' lang='grc' dir='ltr'>,ἱ</span> <span class='ocrx_word' id='word_1_306' title='bbox 1775 3421 1840 3458; x_wconf 44' lang='grc' dir='ltr'>,Ψ</span> 
     </span>
    </p>
   </div>
  </div>
 </body>
</html>
