2284 3717
558 178 707 225 rso
757 178 834 226 κ.
882 178 1291 228 MARCELLO
1343 179 1643 230 onA‘mo,
1909 168 2032 232 103

158 334 309 396 niam
338 354 417 395 ex
437 337 657 394 eadem
690 337 816 394 acie
839 342 1163 395 conservat
1188 355 1341 413 quos
1368 342 1588 414 potest.
1647 337 1926 398 Alterius

159 431 295 472 vero
318 418 520 491 partis
541 417 695 473 nihil
716 417 977 492 amplius
997 417 1194 475 dicam
1218 426 1417 492 quam',
1443 418 1504 475 id
1535 419 1695 493 quod
1716 437 1926 478 omnes

157 497 536 566 verebamur,
590 497 771 554 nimis
818 498 1169 555 iracundam
1214 498 1478 555 futuram
1526 499 1712 556 fuisse
1743 500 1926 557 victo·

156 574 320 632 riam.
414 577 685 649 Quidam
714 577 872 633 enim
912 595 1032 634 non
1074 578 1253 634 modo
1297 578 1565 645 armatis»,
1599 580 1705 636 sed
1750 579 1927 637 inter-

156 652 295 709 dum
314 656 507 712 etiam
533 656 750 712 otiosis
781 656 1184 713 minabantur.
1211 675 1319 713 nec
1349 658 1494 731 quid
1520 658 1773 733 quisque
1798 676 1926 717 sen·
1992 659 2029 718 5

158 733 356 804 sisset,
392 735 505 792 sed
534 736 639 791 ubi
670 736 888 792 fuisset
916 736 1306 809 cogitandum
1339 754 1471 793 esse
1502 737 1815 811 dicebant3
1860 745 1926 796 ut

160 813 306 868 mihi
353 815 606 888 quidem
637 815 960 872 videantur
988 816 1049 872 di
1081 816 1472 883 immortales
1497 817 1680 873 etiam
1712 819 1762 873 si
1791 836 1928 892 poe-

160 908 269 948 nas
300 912 335 950 a
363 894 595 968 populo
629 894 910 951 Romano
934 895 1009 951 ob
1040 895 1283 970 aliquod
1314 896 1596 952 delictum
1627 898 1927 971 expetive-

160 978 318 1041 runt,
366 974 475 1047 qui
527 974 704 1030 civile
749 973 971 1030 bellum
1012 982 1252 1031 tantum
1300 983 1364 1031 et
1407 983 1534 1031 tam
1583 976 1925 1033 luctuosum

163 1052 599 1123 excitaverunt,
644 1052 740 1109 vel
780 1054 1002 1129 placati
1037 1056 1166 1127 jam
1209 1054 1306 1111 vel
1349 1055 1554 1111 satiati
1600 1056 1923 1130 aliquando
1955 1058 2030 1115 10

163 1145 403 1188 omnem
441 1150 611 1207 spem
644 1133 860 1190 salutis
889 1133 963 1190 ad
993 1134 1376 1191 clementiam
1405 1134 1653 1192 victoris
1682 1141 1743 1192 et
1770 1136 1928 1211 sapi-

162 1211 392 1267 entiam
423 1211 773 1270 contulisse.

242 1290 447 1362 Quare
479 1292 680 1365 gaude
711 1298 818 1348 tuo
846 1291 966 1349 isto
993 1296 1121 1348 tam
1152 1293 1466 1350 excellenti
1506 1293 1683 1365 bon0‚
1714 1297 1777 1350 et
1805 1293 1923 1350 fru-

161 1386 255 1425 ere
285 1388 426 1427 cum
458 1372 702 1428 fortuna
731 1376 794 1427 et
822 1370 1014 1444 gloria
1042 1377 1176 1428 tum
1203 1372 1387 1429 etiam
1430 1378 1650 1429 natura
1694 1378 1758 1429 et
1802 1390 1925 1429 mo-

161 1449 331 1506 ribus
373 1451 539 1522 tuis3
581 1468 655 1507 ex
684 1468 802 1524 quo
831 1451 1075 1525 quidem
1115 1452 1416 1509 maximus
1444 1458 1540 1509 est
1568 1452 1799 1508 fructus
1834 1453 1925 1526 ju·
1957 1453 2029 1510 15

161 1529 565 1604 cunditasque
608 1529 882 1603 sapienti.
971 1530 1190 1588 Cetera
1218 1549 1349 1587 cum
1380 1538 1489 1588 tua
1516 1532 1920 1600 recordabere,

161 1609 271 1665 etsi
302 1625 596 1684 persaepe
619 1609 848 1680 virtuti,
872 1614 1074 1666 tamen
1105 1610 1457 1684 plerumque
1488 1611 1759 1668 felicitati
1779 1617 1921 1667 tuae

161 1689 580 1760 gratulabere:
624 1689 697 1745 de
729 1689 922 1758 nobiS,
955 1707 1107 1763 quos
1136 1690 1200 1745 in
1228 1707 1292 1746 re
1322 1690 1562 1765 publica
1604 1696 1802 1747 tecum
1849 1690 1923 1746 si-

160 1767 282 1823 mul
313 1785 453 1825 esse
488 1769 750 1837 voluisti,
785 1769 1022 1842 quoties
1052 1769 1364 1843 cogitabiS,
1397 1770 1578 1826 toties
1622 1770 1694 1826 de
1739 1770 1925 1826 maxi-

162 1847 274 1902 mis
302 1848 434 1905 tuis
477 1847 791 1917 beneficiis,
823 1847 1005 1905 toties
1048 1849 1122 1904 de
1167 1849 1498 1906 incredibili
1541 1849 1918 1918 liberalitate,
1952 1850 2027 1909 20

163 1926 340 1983 toties
402 1927 475 1983 de
531 1927 825 2001 singulari
875 1927 1172 2001 sapientia
1218 1934 1327 1984 tua
1375 1929 1709 2002 cogitabis:
1767 1946 1920 2002 quae

165 2020 282 2061 non
329 2005 512 2063 modo
562 2023 801 2063 summa
845 2007 1019 2075 bona,
1065 2008 1174 2064 sed
1217 2008 1499 2064 nimirum
1547 2008 1780 2065 audebo
1825 2007 1920 2064 vel

167 2084 291 2140 sola
318 2085 551 2142 dicere:
593 2090 804 2142 tantus
833 2092 929 2142 est
956 2086 1113 2142 enim
1148 2087 1429 2161 splendor
1458 2087 1520 2143 in
1549 2087 1726 2144 laude
1759 2104 1917 2158 vera,

165 2166 334 2221 tanta
368 2164 431 2221 in
471 2165 885 2238 magnitudine
930 2165 1113 2222 animi
1156 2171 1219 2223 et
1259 2166 1494 2223 consilii
1537 2166 1822 2240 dignita3‚
1853 2171 1922 2223 ut

167 2240 309 2300 haec
352 2261 391 2299 a
420 2243 643 2300 virtute
672 2244 914 2313 donata,
948 2251 1146 2300 cetera
1191 2263 1227 2301 a
1268 2245 1508 2301 fortuna
1535 2246 1919 2303 commodata
1949 2247 2023 2304 25

166 2337 290 2379 esse
320 2323 660 2379 videantur.
748 2322 892 2379 Noli
935 2322 1126 2396 igitur
1171 2325 1234 2380 in
1280 2326 1709 2381 conservandis
1745 2324 1920 2382 bonis

167 2400 304 2458 viris
333 2402 675 2475 defatigari,
702 2419 822 2458 non
846 2403 1176 2477 cupiditate
1199 2404 1554 2477 praesertim
1585 2404 1789 2478 aliqua
1812 2409 1919 2461 aut

166 2482 460 2552 pravitate
490 2481 693 2555 lapsis,
727 2482 833 2537 sed
863 2482 1143 2556 opinione
1184 2482 1358 2538 officii
1405 2482 1594 2540 stulta
1641 2484 1916 2553 fortasse,

165 2566 316 2617 certe
346 2577 469 2617 non
497 2560 779 2634 improba,
811 2566 873 2616 et
924 2561 1118 2635 specie
1166 2562 1429 2635 quadam
1474 2563 1560 2618 rei
1603 2563 1918 2637 publicae3

167 2652 281 2696 non
310 2640 474 2696 enim
502 2644 612 2695 tua
640 2638 762 2694 ulla
793 2639 971 2713 culpa
997 2645 1107 2709 est,
1141 2641 1194 2696 si
1236 2646 1295 2696 te
1345 2640 1529 2716 aliqui
1572 2642 1917 2712 timuerunt,
1950 2643 2025 2700 30

170 2724 492 2793 contraque
538 2735 775 2775 summa
818 2718 971 2791 laus,
1005 2719 1166 2794 quod
1195 2719 1439 2777 minime
1470 2720 1805 2778 timendum
1835 2722 1921 2778 fu·

174 2793 287 2854 isse
319 2807 651 2856 senserunt.

251 2877 300 2937 7.
346 2876 527 2934 Nunc
554 2875 734 2933 venio
764 2877 840 2933 ad
871 2876 1296 2951 gravissimam
1341 2878 1645 2952 querelam
1674 2884 1736 2937 et
1766 2884 1921 2936 atro·

175 2954 470 3013 cissimam
516 2955 915 3030 suspicionem
954 2961 1140 3025 tuam,
1174 2974 1328 3031 quae
1357 2974 1479 3013 non
1506 2958 1619 3014 tibi
1648 2958 1767 3032 ipsi
1798 2976 1920 3014 ma-

177 3035 266 3107 gis
293 3052 476 3110 quam
506 3051 639 3090 cum
672 3035 947 3091 omnibus
977 3035 1228 3105 civibuS‚
1261 3041 1392 3091 tum
1434 3037 1694 3094 maxime
1725 3037 1915 3104 nobiS,
1949 3036 2022 3094 35

176 3115 267 3188 qui
315 3132 350 3171 a
394 3119 455 3169 te
501 3113 841 3170 conservati
887 3130 1112 3182 sumUS,
1144 3113 1516 3187 providenda
1557 3122 1687 3173 est:
1738 3131 1918 3188 quam

175 3193 279 3249 etsi
308 3209 484 3268 spero
520 3192 735 3248 falsam
779 3209 927 3262 esse,
958 3198 1164 3248 tamen
1207 3209 1537 3266 numquam
1581 3192 1918 3252 extenuabo

173 3271 378 3330 verbis,
465 3270 600 3328 Tua
628 3270 788 3327 enim
816 3271 1016 3328 cautio
1046 3276 1255 3327 nostra
1282 3271 1481 3327 cautio
1509 3277 1619 3337 est,
1650 3274 1719 3323 ut
1760 3268 1811 3320 si
1853 3268 1917 3321 in

175 3349 456 3421 alterutro
483 3349 856 3425 peccandum
884 3349 983 3422 sit,
1006 3348 1217 3414 malim
1237 3347 1429 3404 videri
1457 3345 1638 3408 nimis
1665 3340 1916 3404 timidus
