2284 3717
417 186 514 233 mn
562 185 884 232 IMPERIO
933 184 1051 233 GN.
1097 184 1413 231 ΡΟΜΡΕΠ
1463 184 1764 231 ORATIO.
1940 167 2024 230 91

162 343 381 419 populi
408 342 680 399 Romani
709 343 875 399 salus
915 347 978 399 et
1006 359 1150 399 vera
1191 358 1374 399 causa
1402 342 1713 411 valuisset,
1746 340 1924 397 hodie

167 424 328 481 hanc
358 422 616 497 gloriam
649 429 826 495 atque
858 423 969 479 hoc
999 422 1161 478 orbis
1196 428 1389 478 terrae
1420 421 1734 495 imperium
1767 427 1904 478 tene

169 502 410 559 remus?
496 503 599 558 An
630 503 739 558 tibi
769 508 895 557 tum
926 502 1243 576 imperium
1287 501 1396 557 hoc
1426 519 1557 557 esse
1590 502 1924 568 videbatur,

170 599 310 639 cum
338 582 546 655 populi
580 582 844 638 Romani
886 581 1088 655 legati,
1121 591 1473 654 quaestores
1497 586 1928 671 praetoresque

172 661 583 736 capiebantur,
617 678 752 717 cum
783 678 858 717 ex
899 661 1177 718 omnibus
1219 660 1547 735 provinciis
1588 667 1928 716 commeatu
1997 660 2033 717 5

170 748 236 797 et
265 741 400 813 priv
406 746 505 796 ato
534 746 596 796 et
624 740 862 815 publico
899 740 1383 830 prohibebamur,
1416 757 1552 795 cum
1593 739 1682 794 ita
1723 739 1931 795 clausa

170 821 354 877 nobis
395 825 568 875 erant
609 819 802 875 maria
845 820 1060 886 omnia,
1106 824 1177 875 ut
1224 836 1415 911 neque
1460 818 1761 891 privatam
1803 834 1929 874 rem

171 898 645 956 transmarinam
678 916 869 972 neque
898 865 1245 974 publicam
1222 916 1348 972 Jam
1381 898 1543 953 obire
1566 894 1929 971 possemus?

260 981 351 1035 18.
400 978 567 1049 Quae
610 978 828 1034 civitas
877 985 1056 1034 antea
1099 994 1386 1052 umquam
1446 977 1578 1045 fuit,
1627 994 1748 1032 non
1798 977 1931 1033 dico

174 1057 668 1126 Atheniensium,
694 1075 847 1131 quae
890 1058 1041 1114 satis
1082 1057 1205 1113 late
1243 1056 1547 1131 quondam
1579 1073 1740 1112 mare
1769 1061 1936 1112 tenu·
1968 1057 2039 1113 10

175 1138 302 1193 isse
333 1136 565 1205 dicitur,
599 1154 716 1191 non
763 1136 1392 1210 Karthaginiensium,
1424 1136 1526 1209 qui
1568 1136 1933 1209 permultum

174 1215 373 1273 classe
418 1232 486 1271 ac
526 1215 849 1272 maritimis
891 1217 1071 1272 rebus
1113 1215 1451 1283 valuerunt,
1499 1232 1617 1270 non
1669 1215 1937 1271 Rhodio-

174 1312 332 1365 rum,
358 1311 612 1369 quorum
638 1312 824 1368 usque
849 1296 924 1351 ad
945 1301 1214 1352 nostram
1239 1294 1593 1351 memoriam
1616 1294 1937 1368 disciplina

176 1374 419 1432 navalis
460 1380 523 1431 et
563 1373 758 1447 gloria
789 1375 1375 1448 remansit3—,quae
1405 1374 1621 1430 civitas
1651 1389 1935 1447 umquam

177 1461 365 1510 antea
392 1458 518 1509 tam
547 1453 764 1522 tenuiS,
797 1471 949 1527 quae
978 1460 1105 1510 tam
1147 1470 1338 1527 parva
1380 1453 1580 1508 insula
1621 1453 1752 1521 fuit,
1784 1470 1936 1527 quae
1972 1453 2041 1510 15

176 1550 302 1590 non
332 1538 545 1606 portus
574 1549 717 1588 suos
737 1539 799 1588 et
823 1549 1005 1606 agros
1026 1539 1087 1589 et
1109 1533 1375 1606 aliquam
1405 1538 1640 1605 partem
1670 1533 1937 1604 regionis

178 1618 367 1686 atque
398 1628 537 1667 orae
567 1611 903 1668 maritimae
945 1629 1052 1686 per
1094 1630 1159 1669 se
1203 1614 1335 1686 ipsa
1377 1609 1764 1667 defenderet?
1849 1613 1941 1667 At

178 1690 427 1749 hercule
471 1690 701 1764 aliquot
732 1708 922 1747 annos
952 1693 1271 1748 continuos
1302 1698 1442 1747 ante
1474 1691 1667 1764 legem
1700 1690 1941 1749 Gabini·

179 1789 281 1828 am
312 1770 414 1826 ille
444 1770 702 1844 populus
738 1770 1073 1840 RomanuS,
1107 1773 1275 1843 cujus
1317 1788 1505 1844 usque
1550 1770 1626 1825 ad
1670 1777 1933 1826 nostram

180 1849 534 1906 memoriam
558 1867 776 1905 nomen
798 1850 1089 1906 invictum
1121 1851 1183 1905 in
1213 1850 1533 1906 navalibus
1561 1850 1785 1924 pugnis
1816 1866 1942 1924 per·
1970 1853 2045 1908 20

182 1929 495 1998 manserit,
527 1946 750 2002 magna
794 1947 863 1986 ac
900 1929 1091 1986 multo
1121 1931 1385 1986 maxima
1413 1936 1582 2004 parte
1612 1946 1731 1984 non
1763 1929 1939 1984 modo

181 2008 489 2075 utilitatis,
522 2008 628 2064 sed
671 2009 989 2082 dignitatis
1032 2015 1212 2083 atque
1257 2009 1492 2082 imperii
1535 2010 1765 2080 caruit3
1812 2025 1937 2077 nOS,

182 2105 439 2163 quorum
469 2088 726 2159 majores
749 2088 1121 2145 Antiochum
1148 2106 1351 2161 regem
1377 2088 1568 2144 classe
1599 2088 1940 2161 Persenque

183 2171 568 2242 superarunt,
614 2167 1010 2241 omnibusque
1053 2169 1373 2224 navalibus
1413 2168 1638 2241 pugnis
1683 2166 1943 2223 Kartha-

185 2247 511 2322 ginienseS‚
545 2244 819 2302 homines
848 2247 911 2302 in
941 2247 1265 2302 maritimis
1307 2247 1486 2302 rebus
1520 2247 1945 2302 exercitatissi-
1973 2249 2046 2305 25

184 2344 318 2383 mos
349 2325 904 2400 paratissimosque,
938 2326 1228 2396 vicerunt,
1260 2323 1302 2381 ii
1342 2326 1505 2382 nullo
1547 2327 1609 2383 in
1653 2326 1782 2382 loco
1815 2328 1942 2399 jam

182 2404 593 2480 praedonibus
634 2421 809 2478 pares
852 2422 985 2461 esse
1024 2409 1404 2479 poteramus3
1446 2422 1574 2473 1103,
1618 2406 1720 2479 qui
1767 2411 1945 2461 antea

184 2503 305 2541 non
337 2482 519 2539 modo
548 2483 792 2540 Italiam
820 2490 1018 2540 tutam
1050 2484 1435 2554 habebamus
1469 2485 1575 2541 sed
1606 2501 1813 2540 omnes
1856 2502 1947 2542 so·

184 2564 308 2621 cios
340 2563 403 2618 in
432 2561 665 2618 ultimis
694 2563 814 2619 oris
845 2564 1201 2620 auctoritate
1231 2564 1422 2620 nostri
1464 2564 1697 2638 imperii
1739 2563 1943 2621 salvos

183 2647 495 2718 praestare
539 2646 899 2716 poteramus
945 2649 1092 2712 tum,
1138 2660 1274 2699 cum
1323 2643 1524 2699 insula
1574 2643 1775 2716 Delos,
1818 2648 1944 2699 tam
1974 2648 2048 2702 30

183 2720 395 2797 procul
443 2738 480 2776 a
525 2720 697 2777 nobis
740 2721 803 2776 in
834 2722 1083 2795 Aegaeo
1131 2722 1284 2777 mari
1330 2723 1547 2795 posita,
1581 2740 1697 2796 quo
1734 2741 1941 2780 omnes

184 2801 451 2875 undique
483 2817 617 2855 cum
646 2800 944 2857 mercibus
975 2806 1156 2874 atque
1188 2802 1466 2857 oneribus
1500 2802 1937 2873 commeabant,

184 2881 411 2939 referta
434 2878 688 2947 divitiis,
713 2897 915 2953 parva,
941 2881 1069 2936 sine
1093 2898 1262 2936 muro
1286 2880 1435 2937 nihil
1468 2881 1736 2948 timebat,
1761 2881 1944 2937 iidem

185 2978 305 3017 non
340 2958 522 3014 modo
551 2959 880 3032 provinciis
912 2967 1091 3033 atque
1124 2960 1243 3015 oris
1273 2960 1488 3016 Italiae
1519 2960 1839 3015 maritimis
1875 2978 1944 3016 ac

186 3038 489 3113 portubus
532 3038 770 3106 nostriS,
805 3039 908 3094 sed
951 3040 1134 3097 etiam
1174 3039 1378 3113 Appia
1411 3040 1536 3112 jam
1566 3039 1668 3094 via
1710 3040 1945 3094 careba-
1974 3038 2047 3095 35

188 3136 360 3188 mus3
410 3121 474 3173 et
515 3117 603 3173 eis
646 3118 1013 3190 temporibus
1064 3136 1182 3173 non
1233 3119 1499 3191 pudebat
1547 3118 1943 3190 magistratus

187 3197 397 3272 populi
428 3196 693 3252 Romani
724 3197 785 3251 in
816 3196 973 3253 hunc
1003 3198 1198 3272 ipsum
1233 3198 1425 3254 locum
1452 3198 1784 3262 escendere,
1807 3214 1941 3251 cum

189 3294 327 3332 eum
374 3274 551 3331 nobis
591 3276 850 3348 majores
884 3278 1075 3333 nostri
1105 3278 1341 3333 exuviis
1371 3275 1626 3331 nauticis
1654 3280 1716 3330 et
1744 3274 1944 3329 classi-

192 3373 293 3412 um
323 3354 538 3430 spoliis
569 3360 842 3412 ornatum
875 3355 1271 3431 reliquissent.
