2284 3717
516 723 618 794 M.
666 721 984 793 TULLII
1040 720 1537 792 CICERONIS

104 899 217 990 IN
284 900 389 991 M.
462 898 1035 989 ANTONIUM
1102 897 1486 988 ORATIO
1551 896 1967 988 PHILIP-

714 1037 954 1127 PICA
1005 1037 1329 1128 NONA.

181 1375 231 1431 1.
277 1372 560 1429 VELLEM
602 1371 665 1428 di
708 1371 1082 1429 immortales
1125 1370 1428 1439 fecissent,
1473 1375 1679 1445 patres
1721 1384 1857 1424 con-

104 1452 320 1526 scripti,
365 1458 433 1509 ut
475 1452 618 1508 vivo
662 1451 868 1526 potius
912 1450 1036 1508 Ser.
1073 1450 1341 1525 Sulpicio
1383 1449 1616 1524 gratias
1656 1465 1856 1522 agere-

102 1549 230 1588 mus
253 1549 437 1606 quam
471 1531 730 1588 honores
760 1536 998 1587 mortuo
1029 1547 1472 1604 quaereremus,
1557 1527 1687 1585 Nec
1711 1526 1853 1583 vero

103 1612 311 1668 dubito
340 1612 505 1685 quin,
537 1611 590 1667 si
626 1611 724 1667 ille
756 1611 849 1666 vir
876 1611 1249 1683 legationem
1295 1608 1641 1666 renuntiare
1684 1613 1856 1683 potu-

104 1690 262 1760 isset,
296 1691 531 1747 reditus
573 1691 703 1763 ejus
731 1696 793 1746 et
824 1690 998 1746 vobis
1041 1696 1254 1763 gratus
1298 1688 1478 1745 fuerit
1519 1693 1582 1744 et
1624 1689 1709 1743 rei
1749 1706 1853 1762 pu·
1922 1695 1958 1752 5

104 1769 286 1827 blicae
317 1770 603 1825 salutaris
646 1769 904 1840 futurUS‚
932 1787 1057 1827 non
1102 1787 1222 1843 quo
1255 1768 1322 1825 L.
1359 1767 1645 1842 Philippo
1688 1773 1751 1823 et
1781 1766 1849 1824 L.

107 1848 311 1906 Pisoni
342 1855 449 1905 aut
479 1849 749 1905 studium
783 1855 888 1904 aut
911 1867 983 1905 cu
1082 1848 1385 1905 defuerit
1370 1865 1431 1904 m
1463 1854 1633 1904 tanto
1665 1846 1853 1903 officio

105 1933 388 2003 tantoque
419 1946 685 1998 munere,
707 1929 812 1984 sed
837 1946 974 1984 cum
987 1866 1128 1985 figor
1157 1927 1463 2001 Sulpicius
1494 1932 1692 1982 aetate
1717 1926 1853 1982 illos

107 2009 373 2078 anteiret,
427 2008 731 2084 sapientia
781 2024 1007 2077 omnes,
1054 2009 1258 2064 subito
1306 2013 1549 2080 ereptus
1592 2024 1624 2061 e
1669 2023 1855 2062 causa

104 2092 292 2144 totam
344 2088 716 2180 legationem
775 2088 983 2147 orbam
1044 2095 1107 2147 et
1159 2086 1537 2144 debilitatam
1593 2085 1852 2158 reliquit.
1888 2091 1961 2146 10

108 2166 277 2238 Quod
308 2168 361 2225 si
392 2170 674 2243 cuiquam
693 2171 898 2243 justus
934 2170 1128 2227 honos
1173 2170 1418 2227 habitus
1447 2176 1545 2226 est
1573 2171 1635 2226 in
1668 2176 1858 2227 morte

104 2243 322 2319 legato,
349 2248 410 2304 in
442 2249 607 2305 nullo
625 2249 852 2322 justior
881 2249 1136 2326 [quam'
1119 2268 1182 2306 m
1206 2249 1332 2307 Ser.
1364 2248 1667 2325 Sulpicio]
1695 2268 1856 2324 repe-

106 2324 320 2384 rietur:
364 2328 566 2396 ceteri,
600 2329 706 2403 qui
734 2328 797 2384 in
826 2329 1131 2420 legatione
1165 2336 1418 2387 mortem
1448 2329 1742 2397 obierunt,
1779 2329 1856 2385 ad

108 2402 394 2463 incertum
424 2408 587 2464 vitae
617 2409 949 2482 periculum
980 2410 1107 2465 siue
1139 2409 1260 2465 ullo
1287 2409 1499 2465 mortis
1530 2414 1695 2464 metu
1725 2426 1898 2483 pro·-

108 2482 242 2540 fecti
285 2493 466 2544 sunt:
515 2486 640 2544 Ser.
690 2486 993 2562 Sulpicius
1041 2506 1176 2545 cum
1224 2488 1428 2562 aliqua
1469 2488 1857 2563 perveniendi
1896 2491 1964 2546 15

107 2562 178 2619 ad
201 2563 282 2622 Μ.
307 2566 646 2623 Antonium
678 2584 785 2641 spe
814 2568 1118 2643 profectus
1139 2573 1252 2636 est,
1279 2568 1448 2624 nulla
1478 2568 1854 2625 revertendi:

107 2643 203 2714 qui
232 2661 367 2701 cum
400 2646 488 2703 ita
519 2646 771 2703 affectus
812 2653 992 2717 esset,
1025 2654 1108 2715 ut,
1141 2648 1195 2704 si
1228 2648 1303 2704 ad
1349 2664 1596 2721 gravem
1630 2647 1858 2704 valetu-

107 2719 299 2779 dinem
334 2725 502 2782 labor
540 2725 912 2796 accessisset,
945 2727 1061 2783 sibi
1103 2727 1234 2801 ipse
1278 2727 1587 2796 diffideret,
1622 2744 1744 2783 non
1775 2745 1859 2783 re-

108 2804 341 2860 cusavit
394 2823 512 2879 quo
564 2806 765 2861 minus
815 2773 912 2863 ves
966 2812 1236 2863 extremo
1295 2806 1526 2881 spiritu,
1575 2806 1627 2862 si
1674 2825 1855 2881 quam

108 2894 273 2951 opem
306 2883 390 2939 rei
424 2885 698 2958 publicae
729 2884 878 2942 ferre
907 2893 1132 2961 posset,
1152 2887 1547 2960 experiretur.
1635 2884 1854 2962 Itaque
1888 2889 1959 2944 20

112 2972 219 3015 non
277 2962 448 3019 illum
499 2965 595 3020 vis
651 2964 882 3034 hiemis,
938 2982 1059 3022 non
1114 2965 1308 3035 nives,
1361 2982 1483 3021 non
1539 2965 1856 3039 longitudo

112 3033 354 3110 itineris,
388 3060 509 3099 non
541 3045 840 3117 asperitas
871 3044 1123 3113 viarum,
1159 3063 1278 3102 non
1309 3044 1598 3100 morbus
1584 3061 1858 3119 lngrave-

110 3129 276 3175 scens
306 3123 659 3192 retardavit,
691 3140 948 3197 cumque
969 3126 1098 3197 jam
1130 3124 1205 3180 ad
1244 3140 1636 3213 congressum
1680 3124 1857 3180 collo-

111 3196 428 3280 quiumque
459 3204 589 3274 ejus
617 3202 1007 3277 pervenisset,
1041 3203 1115 3259 ad
1149 3210 1324 3277 quem
1355 3215 1487 3260 erat
1515 3202 1758 3271 missus,
1794 3203 1855 3256 in

113 3286 240 3343 lpsa
272 3296 415 3336 cura
458 3300 528 3338 ac
571 3281 965 3339 meditatione
1008 3282 1271 3339 obeundi
1315 3282 1410 3338 sui
1451 3280 1718 3336 muneris
1763 3296 1861 3334 ex·
1887 3279 1961 3332 25

111 3357 286 3414 cessit
311 3378 345 3414 e
374 3359 517 3417 vita.

328 3439 390 3488 13
414 3439 522 3489 cio.
1612 3427 1706 3472 193
