2284 3717
272 183 360 231 m
397 183 473 232 M.
506 181 914 229 ANromuu
949 180 1227 227 ORATIO
1264 176 1707 226 PmmrmoA
1741 178 1790 225 1.
1866 162 1991 226 183

137 341 477 409 Dolabella,
513 339 649 417 [qui
702 356 768 395 es
814 338 961 395 mihi
1010 338 1380 408 carissimuS,
1411 335 1441 413 ]
1469 354 1588 394 non
1636 353 1886 411 possum

136 422 452 495 utriusque
513 427 788 476 vestrum
837 436 1099 476 errorem
1153 419 1436 475 reticere:
1493 417 1669 474 credo
1725 416 1886 473 enim

141 519 267 571 νοε,
303 500 539 556 nobiles
584 499 879 567 homineS,
913 517 1139 573 magna
1181 498 1480 572 quaedam
1524 502 1885 572 spectanteS,

138 598 255 637 non
287 580 627 654 pecuniam,
654 584 724 634 ut
752 579 995 652 quidam
1026 579 1207 635 nimis
1231 577 1457 636 creduli
1483 578 1884 652 suspicantur,

137 677 290 733 quae
336 676 577 732 semper
620 660 699 714 ab
741 658 1114 732 amplissimo
1154 675 1390 733 quoque
1433 657 1887 730 clarissimoque
1957 656 1993 713 5

138 746 487 812 contempta
508 745 621 807 est,
650 756 772 794 non
792 755 939 811 opes
964 736 1262 795 'violentas
1281 744 1343 795 et
1365 736 1585 812 populo
1609 736 1889 793 Romano

138 819 386 874 minime
418 785 730 875 ferendam
767 819 1122 909 potentiam,
1156 818 1263 875 sed
1305 818 1620 875 caritatem
1663 816 1886 872 civium

136 904 199 954 et
252 898 517 972 gloriam
574 898 1010 971 concupivisse.
1097 897 1215 954 Est
1263 903 1467 954 autem
1513 896 1708 970 gloria
1756 895 1891 952 laus

137 985 297 1035 recte
328 979 630 1035 factorum
659 995 1140 1052 magnorumque
1161 977 1226 1033 in
1250 995 1375 1034 rem
1398 976 1701 1051 publicam
1723 968 1893 1031 meri-

137 1063 358 1126 torum,
391 1075 546 1132 quae
577 1074 714 1113 cum
747 1057 959 1131 optimi
992 1058 1279 1131 cujusque
1309 1063 1438 1114 tum
1469 1056 1651 1113 etiam
1695 1054 1895 1111 multi·
1926 1055 1999 1110 10

137 1138 370 1194 tudinis
428 1136 781 1193 testimonio
838 1137 1275 1211 comprobatur.
1364 1136 1660 1205 Dicerem,
1716 1134 1895 1191 Dola-

137 1217 313 1287 bella,
336 1217 446 1291 qui
476 1223 639 1272 recte
665 1216 959 1272 factorum
983 1216 1213 1273 fructus
1236 1223 1412 1286 esset,
1428 1216 1548 1273 nisi
1571 1222 1630 1272 te
1654 1221 1892 1289 praeter

137 1305 374 1353 ceteros
436 1296 746 1370 paulisper
797 1313 933 1352 esse
988 1301 1307 1369 expertum
1351 1296 1649 1353 viderem:
1714 1312 1891 1369 quem

137 1385 315 1450 potes
345 1376 648 1431 recordari
681 1375 741 1431 in
773 1376 902 1431 vita
931 1376 1204 1432 illuxisse
1233 1376 1348 1431 tibi
1385 1377 1543 1432 diem
1582 1374 1892 1431 laetiorem

138 1473 323 1530 quam
357 1470 495 1512 cum
541 1454 785 1529 expiato
829 1456 974 1525 foro,
1006 1456 1309 1530 dissipato
1353 1472 1645 1512 concursu
1686 1455 1895 1528 impio-
1925 1455 1996 1511 15

141 1552 291 1606 rum,
323 1534 704 1610 principibus
735 1534 976 1591 sceleris
1005 1553 1200 1609 poena
1230 1534 1474 1605 affectiS,
1507 1535 1653 1590 urbe
1696 1534 1894 1590 incen-

140 1615 237 1671 dio
288 1621 354 1672 et
403 1615 608 1671 caedis
658 1620 825 1670 metu
872 1614 1125 1672 liberata
1174 1620 1235 1671 te
1281 1615 1525 1672 domum
1571 1610 1891 1688 recepisti?

143 1693 336 1767 Cujus
395 1694 646 1763 ordinis,
688 1696 856 1767 cujus
898 1695 1153 1768 generiS‚
1200 1696 1369 1767 cujus
1412 1694 1671 1768 denique
1715 1694 1896 1750 fortu-

142 1791 256 1830 nae
299 1774 509 1830 studia
549 1779 676 1830 tum
721 1773 887 1830 laudi
930 1779 992 1830 et
1038 1775 1433 1847 gratulationi
1478 1780 1619 1831 tuae
1664 1791 1728 1829 se
1774 1790 1895 1829 non

143 1851 538 1911 obtulerunt?
624 1853 784 1925 Quin
814 1853 965 1910 mihi
984 1854 1188 1924 etiam,
1211 1872 1327 1929 quo
1353 1860 1593 1910 auctore
1624 1859 1682 1909 te
1706 1852 1769 1909 in
1799 1852 1895 1909 his
1927 1855 2002 1911 20

142 1934 323 1990 rebus
352 1934 446 1990 uti
476 1932 937 2003 arbitrabantur,
969 1941 1032 1989 et
1061 1934 1293 2008 gratias
1321 1933 1462 1990 boni
1489 1933 1603 1989 viri
1634 1933 1896 2007 agebant

142 2018 203 2069 et
243 2019 354 2070 tuo
399 2012 643 2068 nomine
687 2013 1169 2086 gratulabantur.
1257 2013 1615 2082 Recordare,
1647 2029 1890 2087 quaem,

145 2091 485 2160 Dolabella,
545 2109 903 2149 consensum
966 2092 1135 2149 illu-m
1194 2093 1434 2163 theatri,
1492 2110 1626 2149 cum
1686 2108 1895 2149 omnes

142 2190 351 2229 earum
383 2189 585 2228 rerum
608 2171 793 2242 obliti,
819 2177 1067 2246 propter
1095 2191 1250 2247 quas
1273 2173 1511 2229 fuerant
1532 2172 1641 2228 tibi
1665 2171 1893 2240 offensi,

143 2251 560 2325 significarent
609 2267 671 2307 se
721 2251 1008 2309 beneficio
1058 2271 1218 2309 novo
1269 2252 1622 2310 memoriam
1674 2251 1895 2308 veteris
1928 2253 2002 2309 25

144 2331 374 2389 doloris
407 2331 714 2404 abjecisse.
806 2331 984 2388 Hanc
1013 2337 1098 2401 tu,
1128 2332 1193 2390 P.
1222 2332 1556 2402 Dolabella,
1576 2348 1896 2406 —magno

143 2410 363 2486 loquor
424 2428 564 2467 cum
631 2410 929 2468 dolore—
956 2411 1110 2468 hanc
1177 2417 1263 2481 tu,
1322 2413 1588 2487 inquam,
1646 2410 1896 2486 potuisti

144 2508 338 2565 aequo
370 2486 582 2546 animo
604 2496 836 2547 tantam
865 2491 1231 2565 dignitatem
1262 2489 1599 2566 deponere?

229 2569 320 2628 13.
369 2569 465 2626 Tu
507 2575 725 2638 autem,
758 2570 842 2627 M.
878 2570 1130 2641 Antoni,
1146 2573 1550 2628 ——absentem
1593 2570 1750 2627 enim
1799 2589 1897 2646 ap-

142 2650 302 2725 pello
322 2666 625 2719 —,unum
686 2650 855 2706 illum
912 2651 1090 2720 diem,
1141 2669 1261 2725 quo
1317 2651 1379 2708 in
1436 2651 1579 2708 aede
1638 2650 1897 2708 Telluris
1927 2652 2004 2709 30

144 2735 396 2785 senatus
433 2728 564 2795 fuit,
598 2746 717 2785 non
757 2730 1038 2787 omnibus
1078 2729 1175 2786 his
1217 2731 1543 2801 mensibus,
1576 2729 1794 2805 quibus
1837 2738 1896 2787 te

143 2808 397 2882 quidam
428 2808 689 2864 multum
719 2826 754 2864 a
783 2827 878 2865 me
915 2810 1345 2867 dissentientes
1374 2812 1619 2867 beatum
1660 2815 1894 2885 putant,

146 2886 514 2960 anteponis?
585 2888 753 2959 Quae
776 2889 891 2946 fuit
913 2890 1106 2946 oratio
1128 2890 1203 2946 de
1228 2887 1585 2947 concordia?
1653 2891 1896 2962 Quanto

148 2977 315 3023 metu
351 2965 708 3043 [veterani],
742 2975 971 3042 quanta
999 2970 1406 3026 sollicitudine
1438 2969 1655 3027 civitas
1700 2977 1830 3025 tum
1863 2987 1898 3024 a

146 3051 205 3102 te
238 3046 499 3102 liberata
527 3053 638 3115 est,
667 3064 806 3103 cum
836 3049 1131 3123 collegam
1167 3055 1338 3106 tuum
1372 3049 1663 3124 depositis
1707 3048 1900 3104 inimi·
1929 3047 2003 3102 35

146 3126 328 3193 citiis,
360 3126 588 3182 oblitus
633 3127 1038 3201 auspiciorum
1070 3147 1105 3185 a
1141 3135 1201 3185 te
1246 3130 1378 3203 ipso
1423 3146 1651 3202 augure
1693 3127 1900 3200 populi

149 3204 419 3262 Romani
449 3206 885 3277 nuntiator,um
918 3208 1019 3264 illo
1048 3209 1306 3283 primum
1338 3209 1431 3264 die
1462 3208 1758 3279 collegam
1788 3206 1899 3270 tibi

148 3301 282 3341 esse
317 3284 604 3356 voluisti3
647 3292 789 3342 tuus
828 3305 1052 3361 parvus
1083 3288 1240 3344 filius
1283 3288 1343 3343 in
1378 3286 1744 3360 Capitolium
1779 3301 1813 3338 a
1840 3290 1899 3338 te

148 3363 377 3421 missus
406 3364 576 3438 pacis
606 3366 783 3421 obses
811 3367 942 3422 fuit.
1037 3367 1170 3438 Quo
1216 3371 1463 3421 senatus
1506 3364 1601 3418 die
1642 3358 1898 3415 laetior?
