2284 3717
209 166 335 230 212
731 179 806 226 Μ.
838 176 1097 225 runnu
1149 176 1545 224 omnnoms

319 341 431 407 est,
479 353 663 411 quam
707 353 805 394 me
851 340 1125 393 acturum
1177 351 1312 392 esse
1358 333 1662 408 polliceor,
1711 333 1804 391 ita
1852 334 2077 411 populo

322 418 602 476 Romano
633 422 812 491 grata
842 421 1020 490 atque
1041 415 1328 488 jucunda,
1359 420 1428 471 ut
1457 415 1583 488 ipse
1626 415 1840 472 consul
1872 416 1938 472 in
1970 415 2078 472 hae

319 514 506 555 causa
543 514 686 571 prae
731 514 825 553 me
874 495 1077 552 minus
1124 495 1329 563 etiam,
1372 494 1426 551 si
1462 494 1586 551 fieri
1630 495 1851 569 possit,
1897 512 2076 570 quarn

318 578 598 653 privatus
642 594 775 633 esse
809 575 1102 633 videatur.
1189 573 1411 631 Omnia
1448 591 1569 631 non
1609 575 1792 631 modo
1823 593 2080 631 comme-

252 658 291 716 5
324 655 734 727 morabuntur,
765 654 872 712 sed
899 656 1082 712 etiam
1123 654 1420 728 expositis
1462 654 1641 711 certis
1682 654 1870 712 rebus
1904 672 2079 729 agen·

321 743 438 806 tur,
462 753 616 811 quae
646 735 803 792 inter
830 735 1034 792 decem
1068 751 1278 804 annOS,
1300 740 1513 809 postea
1535 751 1716 809 quam
1738 734 1974 807 judicia
2004 734 2078 791 ad

323 822 605 873 senatum
633 815 931 872 translata
959 824 1118 883 sunt,
1151 814 1214 871 in
1243 813 1423 870 rebus
1453 814 1806 887 judicandis
1851 814 2078 871 nefarie

323 895 740 970 flagitioseque
770 894 933 951 facta
961 899 1119 951 sunt.
1217 892 1562 967 Cognoscet
1588 911 1662 950 ex
1690 912 1788 950 me
1817 894 2080 969 populus

323 975 643 1033 Romanus
679 974 825 1049 quid
872 975 952 1032 sit
995 973 1386 1048 quamobrem
1428 991 1566 1030 cum
1610 981 1897 1048 equester
1935 974 2081 1031 ordo

221 1054 293 1113 10
329 1056 647 1126 judicaret,
676 1071 868 1112 annos
909 1071 1096 1130 prope
1143 1052 1588 1129 quinquaginta
1635 1054 1980 1124 continuos,
2019 1054 2081 1110 in

324 1136 489 1192 nullo
503 1135 723 1209 judice,
743 1134 943 1209 equite
975 1133 1257 1190 Romano
1266 1134 1598 1207 judicante,
1619 1151 1693 1190 ne
1718 1134 2082 1191 tenuissima

325 1216 569 1289 quidem
606 1214 870 1290 suspicio
906 1219 1187 1287 acceptae
1221 1214 1509 1288 pecuniae
1540 1213 1617 1271 ob
1644 1230 1772 1270 rem
1809 1214 2086 1287 judican-

325 1295 466 1351 dam
497 1295 833 1353 constituta
859 1294 977 1367 sit3
1020 1293 1167 1368 quid
1197 1294 1277 1350 sit
1304 1293 1464 1369 quod
1498 1293 1746 1367 judiciis
1791 1293 1871 1350 ad
1918 1300 2085 1351 sena-

326 1375 550 1432 torium
600 1373 872 1432 ordinem
921 1373 1238 1431 translatis
1295 1373 1653 1447 sublataque
1701 1370 1918 1448 populi
1969 1374 2084 1433 Ro-

224 1455 295 1512 15
325 1454 489 1511 mani
547 1454 608 1511 in
679 1471 866 1510 unum
923 1471 1220 1528 quemque
1278 1460 1547 1511 vestrum
1616 1459 1947 1527 potestate,
2013 1454 2082 1526 Q.

329 1534 601 1593 Calidius
661 1534 987 1591 damnatus
1060 1533 1282 1590 dixerit
1354 1532 1605 1590 minoris
1689 1532 1803 1590 HS
1876 1533 2083 1591 tricies

327 1614 696 1691 praetorium
729 1612 1036 1671 hominem
1080 1612 1333 1670 honeste
1376 1630 1497 1670 non
1540 1629 1719 1686 posse
1762 1608 2082 1687 damnari3

329 1694 475 1769 quid
525 1693 607 1750 sit
656 1693 817 1768 quod
874 1693 941 1751 P.
993 1692 1288 1768 Septimio
1338 1697 1616 1749 senatore
1661 1692 1979 1765 damnatO,
2013 1694 2081 1767 Q.

332 1773 665 1831 Hortensio
694 1779 990 1847 praetore,
1023 1773 1097 1830 de
1127 1772 1398 1848 pecuniis
1440 1772 1794 1847 repetundis
1838 1773 1918 1830 lis
1963 1791 2087 1831 aes·

225 1852 299 1910 20
329 1854 563 1925 timatffi
590 1853 670 1910 sit
698 1871 768 1910 eo
800 1852 1059 1924 nomine,
1092 1853 1253 1928 quod
1285 1852 1385 1909 ille
1417 1852 1493 1909 ob
1523 1869 1647 1909 rem
1681 1852 2087 1925 judicandam

332 1934 651 2009 pecuniam
695 1933 1044 2007 accepisset,
1077 1934 1241 2008 quod
1269 1932 1329 1989 in
1362 1931 1427 1990 O.
1463 1931 1791 2002 Herenni0‚
1826 1935 1991 2008 quod
2026 1934 2088 1992 in

333 2013 396 2072 C.
433 2012 691 2089 Popilio,
735 2013 1138 2082 senatoribuS,
1186 2012 1290 2086 qui
1335 2013 1514 2069 ambo
1556 2012 1879 2088 peculatus
1926 2014 2089 2071 dam·

327 2094 456 2150 nati
486 2099 646 2162 sunt,
679 2093 838 2167 quod
868 2092 931 2149 in
961 2092 1045 2151 M.
1081 2092 1295 2162 Atilio,
1328 2092 1428 2167 qui
1460 2093 1534 2149 de
1566 2093 1890 2164 majestate
1925 2094 2091 2151 dam-

328 2180 508 2229 natus
537 2179 646 2242 est,
680 2172 793 2229 hoc
822 2172 1071 2246 planum
1113 2172 1340 2229 factum
1384 2172 1480 2241 sit,
1511 2189 1616 2228 eos
1656 2173 1984 2246 pecuniam
2015 2174 2089 2231 ob

224 2249 298 2306 25
328 2269 451 2309 rem
485 2252 876 2326 judicandam
919 2252 1240 2326 accepisse,
1274 2251 1436 2326 quod
1480 2252 1711 2308 inventi
1751 2252 1881 2309 sint
1921 2271 2092 2311 sena-

331 2338 509 2402 toreS,
532 2333 634 2407 qui
661 2332 727 2390 O.
755 2332 945 2389 Verre
971 2337 1246 2406 praetore
1269 2330 1500 2388 urbano
1530 2330 1833 2388 sortiente
1852 2333 2092 2391 exirent

330 2411 392 2468 in
420 2429 556 2469 eum
589 2430 775 2482 reum,
807 2430 987 2487 quem
1019 2411 1333 2486 incognita
1368 2428 1552 2468 causa
1593 2411 2088 2485 condemnarent,

335 2492 496 2567 quod
527 2492 813 2548 inventus
844 2492 926 2548 sit
967 2497 1229 2562 senator,
1262 2490 1364 2565 qui
1409 2508 1544 2547 cum
1580 2491 1772 2564 judex
1809 2499 1995 2563 esset,
2027 2494 2089 2550 in

336 2572 545 2628 eodem
568 2571 796 2645 judicio
830 2577 892 2628 et
935 2571 1011 2628 ab
1055 2588 1157 2627 reo
1201 2570 1520 2644 pecuniam
1562 2570 1862 2645 acciperet
1905 2591 2091 2648 quam

226 2654 300 2709 30
332 2651 638 2724 judicibus
686 2651 984 2708 divideret
1013 2656 1075 2707 et
1113 2651 1190 2707 ab
1233 2656 1580 2707 accusatore
1627 2655 1697 2706 ut
1742 2668 1910 2707 reum
1957 2670 2092 2710 con·

331 2731 659 2788 demnarct.
747 2731 888 2787 Jam
923 2747 1065 2787 vero
1099 2747 1219 2803 quo
1265 2731 1446 2786 modo
1485 2746 1600 2803 ego
1648 2729 1816 2786 illam
1861 2731 2087 2802 labem,

332 2810 733 2885 ignominiam
765 2810 1290 2884 calamitatemque
1321 2808 1512 2866 totius
1556 2809 1786 2866 ordinis
1829 2829 2090 2887 conque·

330 2907 445 2958 rar,
479 2888 591 2946 hoc
622 2890 847 2946 factum
878 2908 1010 2947 esse
1040 2889 1103 2946 in
1135 2889 1248 2946 hac
1277 2888 1542 2957 civitate,
1574 2907 1709 2947 cum
1740 2893 2087 2950 senatorius

333 2970 479 3026 ordo
526 2969 842 3042 judicaret,
903 2977 970 3027 ut
1023 2968 1422 3025 discoloribus
1484 2968 1680 3041 signis
1736 2970 2084 3043 juratorum

228 3049 302 3107 35
335 3048 645 3106 hominum
678 3050 1015 3106 sententiae
1047 3047 1443 3106 notarentur?
1530 3049 1701 3106 Haec
1740 3050 1950 3107 omnia
1992 3068 2086 3108 me

334 3128 655 3196 diligenter
684 3144 1009 3199 severeque
1041 3134 1316 3183 acturum
1346 3144 1478 3183 esse
1509 3128 1811 3202 polliceor.

418 3205 503 3256 14.
553 3204 688 3272 Quo
718 3221 812 3258 me
857 3204 1102 3260 tandem
1150 3205 1352 3262 animo
1399 3207 1522 3262 fore
1561 3208 1810 3281 putatis,
1844 3208 1897 3266 si
1940 3209 2085 3284 quid

333 3277 394 3330 in
427 3278 536 3333 hoc
566 3279 697 3349 ipso
718 3281 946 3350 judicio
984 3282 1335 3340 intellexero
1382 3284 1565 3342 simili
1611 3286 1819 3361 aliqua
1849 3291 2085 3347 ratione

332 3367 465 3406 esse
512 3353 803 3409 violatum
859 3364 1036 3430 atque
1093 3362 1531 3421 commissum?
1616 3365 1773 3424 Cum
1830 3368 2084 3443 planum
