2284 3717
485 194 634 241 rao
683 194 745 242 τ.
774 194 1020 242 amno
1069 194 1364 242 maome
1414 195 1714 243 oaxmo.
1909 179 2035 247 117

158 356 366 425 aperte
390 351 599 409 dicere
620 351 1014 409 occidendum
1036 351 1346 410 Milonem.
1409 352 1631 411 Servos
1653 360 1926 427 agrestes

159 436 218 486 et
245 431 564 501 barbarOS,
597 431 817 505 quibus
844 432 1033 488 silvas
1066 433 1343 505 publicas
1370 432 1769 507 depopulatus
1796 440 1930 490 erat

159 508 598 585 Etruriamque
631 517 897 582 vexarat,
927 528 1003 568 ex
1030 512 1358 586 Apennino
1393 512 1742 582 deduxerat,
1775 529 1928 586 quos

157 589 488 648 videbatis,
556 590 687 646 Res
715 596 845 647 erat
871 591 1118 647 minime
1149 592 1438 648 obscura:
1467 592 1701 648 etenim
1724 591 1928 666 palam

158 668 492 725 dictitabat
514 669 898 726 consulatum
930 669 1148 726 Miloni
1177 671 1328 745 eripi
1360 689 1479 727 non
1506 688 1702 745 posse,
1735 671 1928 728 vitam
1996 670 2034 728 5

157 765 369 822 posse.·
452 747 834 823 Significavit
884 748 997 806 hoc
1046 767 1225 824 saepe
1275 751 1340 806 in
1394 759 1627 818 senatu,
1673 750 1826 807 dixit
1867 751 1930 807 in

160 828 500 901 concione3
548 828 692 902 quin
733 828 920 885 etiam
962 828 1046 885 M.
1078 828 1371 899 Favoni0,
1403 830 1738 886 fortissimo
1780 829 1924 901 viro,

158 907 487 981 quaerenti
535 925 612 964 ex
657 925 729 964 eo
771 926 893 982 qua
938 925 1043 983 spe
1083 908 1311 965 fureret
1367 909 1595 965 Milone
1640 908 1797 978 vivo,
1841 925 1932 966 re-

158 987 418 1061 spondit
460 986 666 1043 triduo
709 987 880 1043 illum
924 994 1031 1044 aut
1071 1004 1375 1044 summum
1417 988 1752 1062 quadriduo
1792 1005 1928 1045 esse

157 1067 545 1140 periturum3
587 1084 769 1141 quam
800 1084 1009 1125 vocem
1037 1068 1168 1142 ejus
1201 1066 1279 1124 ad
1319 1067 1480 1125 hunc
1509 1066 1594 1124 Μ.
1629 1066 1924 1125 Catonem
1961 1068 2035 1125 10

160 1145 386 1203 statim
418 1144 732 1202 Favonius
760 1145 995 1204 detulit.

247 1228 344 1283 10.
390 1224 645 1281 Interim
675 1242 813 1282 cum
856 1226 1035 1282 sciret
1064 1224 1318 1284 Clodius
1362 1223 1582 1301 (neque
1611 1224 1771 1282 enim
1800 1230 1931 1283 erat

159 1302 415 1370 difficile
438 1304 640 1379 scire),
662 1304 778 1361 iter
805 1305 1112 1376 sollemne,
1136 1305 1498 1379 legitimum,
1522 1305 1929 1362 necessarium

162 1390 312 1441 ante
363 1383 526 1439 diem
577 1399 711 1441 ΧΠ]
760 1384 1074 1442 Kalendas
1119 1384 1484 1441 Februarias
1533 1384 1750 1447 Miloni
1796 1401 1931 1441 esse

163 1462 526 1521 Lanuvium
569 1462 647 1520 ad
685 1462 985 1519 flaminem
1016 1464 1411 1537 prodendum,
1443 1465 1604 1539 quod
1644 1470 1774 1521 erat
1813 1464 1933 1520 dic·
1964 1464 2040 1520 15

161 1549 336 1601 tator
393 1542 660 1599 Lanuvii
715 1542 884 1612 Milo,
935 1543 1136 1599 Roma
1195 1543 1400 1600 subito
1449 1543 1577 1618 ipse
1628 1542 1935 1617 profectus

162 1622 368 1698 pridie
398 1628 511 1690 est,
543 1627 611 1679 ut
656 1628 797 1678 ante
842 1639 1021 1679 suum
1067 1622 1339 1692 fundum,
1371 1623 1532 1696 quod
1573 1638 1635 1679 re
1675 1621 1938 1679 intellec-

164 1708 302 1758 tum
333 1706 448 1770 est,
474 1700 693 1758 Miloni
723 1701 978 1759 insidias
1008 1702 1358 1774 collocaret3
1389 1709 1570 1776 atque
1598 1702 1688 1757 ita
1714 1702 1938 1776 profec-

164 1785 272 1837 tus
299 1785 415 1850 est,
441 1785 510 1836 ut
539 1782 887 1837 concionem
913 1781 1344 1850 turbulentam,
1375 1782 1438 1837 in
1467 1799 1588 1855 qua
1615 1782 1744 1854 ejus
1772 1782 1938 1838 furor

167 1860 557 1917 desideratus
585 1865 696 1930 est,
728 1878 882 1936 quae
912 1860 1014 1917 illo
1043 1861 1180 1934 ipso
1225 1861 1323 1917 die
1368 1860 1580 1917 habita
1621 1865 1733 1931 est,
1764 1860 1937 1917 relin-
1965 1859 2042 1916 20

169 1944 404 2014 queret,
436 1957 620 2014 quam
649 1939 768 1996 nisi
811 1940 976 1997 obire
1017 1939 1299 1997 facinoris
1339 1939 1538 1996 locum
1577 1946 1937 2014 tempusque

171 2019 491 2088 voluisset,
527 2035 855 2094 numquam
904 2019 1269 2093 reliquisset.
1355 2019 1508 2075 Milo
1554 2024 1757 2075 autem
1800 2035 1936 2075 cum

170 2098 237 2155 in
267 2103 491 2155 senatu
518 2098 736 2155 fuisset
763 2116 834 2155 eo
864 2098 974 2167 die,
1000 2099 1199 2173 quoad
1228 2104 1478 2154 senatus
1505 2105 1600 2155 est
1628 2097 1934 2167 dimissus,

173 2177 425 2235 domum
470 2177 654 2246 venit,
694 2178 927 2235 calceos
971 2183 1034 2234 et
1063 2178 1430 2235 vestimenta
1472 2178 1753 2247 mutavit,
1791 2195 1939 2251 pau·

173 2257 378 2332 lisper,
429 2256 575 2315 dum
623 2274 687 2313 se
731 2274 897 2326 uxor,
930 2263 999 2313 ut
1043 2256 1125 2327 fit,
1157 2262 1484 2331 comparat,
1532 2263 1938 2314 commoratus
1967 2258 2042 2315 25

174 2343 287 2406 est,
320 2335 467 2393 dein
507 2336 811 2411 profectus
840 2336 899 2392 id
928 2337 1235 2410 temporie,
1255 2334 1405 2392 'cum
1424 2338 1550 2410 jam
1583 2335 1853 2405 ClodiuS,
1884 2337 1936 2392 si

175 2415 423 2491 quidem
452 2432 522 2471 eo
554 2415 649 2472 die
678 2415 942 2473 Romam
973 2422 1264 2472 venturus
1305 2421 1454 2486 erat,
1485 2415 1679 2472 redire
1707 2415 1939 2490 potuis-

176 2501 284 2553 set.
347 2493 615 2552 Obviam
643 2494 709 2552 fit
736 2495 790 2551 ei
819 2494 1085 2564 Clodius»,
1117 2495 1451 2569 expeditus»,
1481 2495 1543 2551 in
1572 2512 1744 2569 equ0,
1769 2495 1938 2551 nulla

175 2575 387 2644 rheda,
412 2573 598 2630 nullis
629 2574 1095 2649 impedimentiS,
1120 2574 1304 2631 nullis
1329 2571 1575 2632 Graecis
1598 2574 1952 2644 comitibus!

175 2660 246 2712 ut
289 2654 547 2722 solebat,
592 2654 721 2710 sine
766 2671 968 2723 uxore,
1007 2653 1168 2728 quod
1214 2671 1543 2728 numquam
1591 2653 1744 2711 fere:
1801 2672 1939 2711 cum
1968 2655 2044 2711 30

179 2734 273 2792 hic
313 2733 657 2802 insidiator,
688 2733 792 2808 qui
835 2733 949 2789 iter
994 2732 1149 2790 illud
1194 2733 1270 2789 ad
1310 2733 1552 2789 caedem
1600 2733 1941 2790 faciendam

180 2818 560 2888 apparasset,
600 2830 736 2869 cum
767 2830 951 2868 uxore
981 2811 1300 2868 veheretur
1334 2812 1397 2868 in
1425 2812 1628 2880 rheda,
1660 2813 1943 2885 paenula-

178 2899 296 2963 tus,
330 2909 559 2966 magno
588 2896 650 2947 et
675 2891 964 2965 impedito
994 2897 1056 2948 et
1083 2891 1361 2948 muliebri
1392 2910 1462 2949 ac
1492 2891 1749 2948 delicato
1769 2890 1950 2948 ancil-

181 2971 376 3029 larum
418 2988 860 3047 puerorumque
904 2970 1215 3028 comitatu.
1304 2970 1408 3027 Fit
1450 2971 1693 3027 obviam
1725 2970 1940 3029 Clodio

184 3060 320 3109 ante
350 3050 610 3108 fundum
639 3052 767 3123 ejus
798 3050 947 3107 hora
975 3050 1096 3106 fere
1120 3049 1435 3106 undecima
1466 3055 1572 3106 aut
1602 3068 1722 3106 non
1750 3049 1941 3105 multo
1970 3043 2045 3103 35

183 3148 390 3189 secus:
438 3130 646 3186 statim
676 3130 1011 3203 complures
1041 3145 1178 3186 cum
1218 3129 1356 3186 telis
1402 3130 1464 3185 in
1510 3129 1668 3186 hunc
1714 3128 1945 3185 faciunt

183 3211 254 3267 de
281 3211 417 3268 loco
449 3209 756 3284 superiore
786 3210 1115 3283 impetum3
1157 3208 1396 3264 adversi
1424 3207 1768 3265 rhedarium
1800 3206 1947 3262 occi·

187 3290 372 3362 dunt3
415 3306 557 3346 cum
601 3293 806 3344 autem
836 3287 932 3345 hic
962 3287 1033 3344 de
1062 3287 1252 3344 rheda
1286 3289 1506 3359 rejecta
1548 3285 1806 3359 paenula
1852 3284 1948 3337 de-

188 3369 459 3428 siluisset
488 3385 673 3443 seque
705 3368 829 3425 acri
858 3367 1059 3424 animo
1090 3365 1457 3433 defenderet,
1489 3363 1596 3431 illi,
1628 3360 1732 3436 qui
1775 3364 1951 3415 erant
