2284 3717
680 0 842 100 ἰ-

553 142 701 188 PRO
750 140 1043 189 ARCHIA
1094 141 1335 188 POETA
1385 141 1685 189 ORATIO.
1968 125 2052 193 7]-

177 299 361 371 dices,
408 298 695 356 indicabo
732 303 797 355 et
844 298 918 355 de
960 315 1094 355 meo
1137 298 1402 374 quodam
1453 316 1657 357 amore
1695 299 1946 374 gloriae,

177 380 360 436 nimis
386 380 512 437 acri
542 380 1052 448 fortasse,'verum
1079 384 1287 436 tamen
1317 379 1588 449 honestO,
1615 380 1788 437 vobis
1815 398 1951 437 con-

179 458 412 515 fitebor.
500 459 665 516 Nam
703 476 856 533 quas
883 476 981 514 res
1013 476 1124 514 nos
1156 459 1216 514 in
1247 460 1563 515 consulatu
1608 469 1813 517 nostro
1843 478 1945 517 vo-

178 538 419 595 biscum
450 539 633 596 simul
664 556 772 613 pro
803 537 997 594 salute
1024 538 1269 612 hujusce
1305 539 1537 613 imperii
1580 547 1642 596 et
1684 557 1790 614 pro
1821 540 1951 596 vita

178 619 409 674 civium
436 636 667 692 proque
699 618 985 674 universa
1015 635 1076 674 re
1106 618 1346 691 publica
1387 619 1708 692 gessimuS,
1742 620 1950 694 attigit
2017 623 2054 681 5

181 697 279 753 hic
312 699 593 754 versibus
638 705 821 771 atque
864 698 1206 769 inchoavit3
1247 698 1470 773 quibus
1513 700 1755 767 auditiS,
1787 700 1951 773 quod

181 777 332 833 mihi
365 795 591 851 magna
620 795 720 833 res
747 785 810 834 et
833 778 1102 850 jucunda
1131 778 1264 833 visa
1291 785 1402 844 est,
1434 778 1593 835 hune
1623 779 1699 835 ad
1729 779 1952 853 perfici-

181 857 411 912 endum
455 856 767 914 adornavi.
852 857 1099 913 Nullam
1141 858 1304 913 enim
1339 858 1533 914 virtus
1577 858 1759 914 aliam
1803 876 1952 915 mer-

182 937 393 992 cedem
445 936 724 992 laborum
769 937 1290 1011 periculorumque
1346 937 1653 995 desiderat
1708 945 1949 1012 praeter

184 1014 343 1072 hanc
392 1015 591 1072 laudis
633 1021 698 1072 et
745 1016 1005 1089 gloriae:
1056 1034 1177 1090 qua
1226 1016 1470 1090 quidem
1523 1018 1810 1086 detracta,
1859 1019 1953 1091 ju·
1983 1019 2056 1076 10

181 1095 367 1164 diceS,
401 1096 547 1169 quid
589 1101 687 1152 est
729 1095 888 1170 quod
930 1096 995 1151 in
1029 1095 1142 1153 hoe
1172 1101 1300 1153 tam
1330 1096 1551 1170 exiguo
1581 1097 1742 1154 vitae
1771 1097 1954 1153 curri-

181 1176 320 1231 culo
349 1180 415 1231 et
455 1181 582 1232 tam
626 1174 796 1230 brevi
838 1175 1031 1232 tantis
1074 1192 1186 1232 nos
1227 1174 1290 1231 in
1331 1175 1642 1233 laboribus
1681 1193 1953 1233 exercea-

180 1252 369 1311 mus?
457 1254 637 1312 Certe
671 1254 721 1310 si
753 1253 904 1311 nihil
934 1255 1176 1311 animus
1208 1256 1613 1329 praesentiret
1651 1256 1712 1311 in
1753 1262 1952 1330 poste-

181 1350 319 1390 rum
363 1339 429 1390 et
471 1334 524 1390 si
570 1324 791 1408 quibus
834 1334 1187 1407 regionibus
1218 1335 1380 1394 vitae
1411 1335 1676 1408 spatium
1707 1335 1953 1392 circum-

182 1413 478 1488 scriptum
515 1421 629 1482 est,
661 1414 890 1469 eisdem
925 1431 1134 1470 omnes
1164 1415 1566 1488 cogitationes
1594 1413 1949 1471 terminaret
1980 1417 2053 1473 15

181 1510 348 1560 suaS,
370 1511 479 1549 nec
498 1493 696 1550 tantis
719 1510 782 1549 se
806 1493 1111 1550 laboribus
1133 1493 1436 1567 frangeret
1459 1512 1650 1568 neque
1673 1500 1767 1551 tot
1787 1495 1950 1551 curis

181 1572 537 1647 vigiliisque
569 1578 894 1646 angeretur
924 1590 1031 1629 nec
1061 1573 1245 1630 toties
1274 1573 1349 1630 de
1378 1573 1511 1646 ipsa
1539 1574 1670 1631 vita
1708 1574 1952 1631 dimica-

180 1659 293 1709 ret.
313 1631 438 1732 &N
444 1670 559 1709 unc
600 1651 825 1708 insidet
866 1653 1158 1727 quaedam
1205 1652 1268 1708 in
1312 1653 1542 1727 optimo
1572 1671 1806 1728 quoque
1837 1654 1952 1709 vir-

181 1736 310 1800 tuS‚
348 1750 501 1804 quae
548 1739 758 1789 noctes
802 1750 872 1789 ac
917 1732 1048 1788 dies
1093 1732 1364 1788 animum
1411 1732 1640 1805 gloriae
1685 1733 1950 1790 stimulis

183 1812 451 1867 concitat
479 1818 660 1886 atque
692 1812 978 1868 admonet
1007 1829 1127 1868 non
1159 1829 1296 1868 cum
1328 1812 1486 1868 vitae
1516 1817 1784 1886 tempore
1814 1830 1947 1870 esse
1977 1814 2054 1872 20

183 1890 611 1947 dimittendam
641 1890 1270 1948 commemorationem
1303 1891 1565 1948 nominis
1599 1892 1809 1963 nostri,
1841 1892 1952 1950 sed

181 1987 324 2027 cum
352 1971 519 2026 omni
550 1970 907 2044 posteritate
939 1970 1415 2045 adaequandam.

268 2051 359 2106 12.
406 2050 509 2107 An
540 2068 685 2107 vero
725 2055 854 2107 tam
897 2050 1071 2124 parvi
1108 2050 1297 2107 animi
1325 2050 1638 2107 videamur
1665 2067 1797 2107 esse
1828 2068 1951 2108 om-

178 2146 310 2198 1193,
355 2129 459 2203 qui
501 2129 563 2185 in
605 2147 667 2186 re
708 2129 953 2203 publiea
996 2135 1178 2204 atque
1220 2130 1284 2186 in
1326 2127 1424 2187 his
1454 2130 1616 2187 vitae
1659 2130 1946 2204 periculis

178 2209 612 2283 laboribusque
642 2225 970 2278 versamur,
1002 2213 1088 2279 ut,
1120 2227 1259 2266 eum
1287 2226 1477 2284 usque
1507 2209 1583 2267 ad
1613 2216 1947 2267 extremum
1979 2211 2052 2269 25

180 2289 453 2363 spatium
486 2288 720 2345 nullum
747 2287 1141 2363 tranquillum
1167 2295 1344 2362 atque
1369 2289 1631 2346 otiosum
1661 2291 1944 2364 spiritum
1989 2323 1994 2328 ⁴

180 2368 552 2437 duxerimus,
586 2368 900 2424 nobiseum
929 2369 1109 2425 simul
1140 2368 1434 2426 moritura
1464 2369 1667 2425 omnia
1695 2370 1943 2426 arbitre-

178 2445 362 2505 mur?
447 2447 552 2503 An
598 2453 835 2505 statuas
881 2452 944 2505 et
989 2448 1306 2521 imagines,
1338 2465 1458 2504 non
1499 2448 1835 2505 animorum
1869 2449 1946 2506 si-

177 2527 470 2597 mulacra,
503 2526 608 2596 sed
638 2533 970 2603 corporum,
1003 2527 1273 2583 studiose
1303 2528 1479 2585 multi
1510 2528 1729 2584 summi
1763 2528 1950 2586 homi-

176 2590 722 2681 nes¹reliquerunt,
755 2607 1142 2664 consiliorum
1172 2608 1506 2682 relinquere
1550 2625 1619 2665 ac
1649 2608 1943 2665 virtutum
1973 2611 2049 2667 30

177 2692 534 2744 nostrarum
589 2686 848 2761 effigiem
904 2703 1103 2743 nonne
1159 2687 1351 2743 multo
1407 2686 1606 2748 malle,
1633 2687 1940 2758 debemuS,

177 2766 437 2823 summis
468 2766 733 2840 ingeniis
761 2783 1109 2841 expressam
1154 2771 1217 2822 et
1255 2763 1549 2840 politam?
1632 2766 1769 2840 Ego
1798 2785 1944 2825 vero

176 2846 403 2917 omnia,
436 2862 593 2921 quae
623 2846 927 2919 gerebam,
951 2847 1078 2918 Jam
1106 2850 1238 2902 tum
1269 2845 1332 2901 in
1362 2845 1626 2919 gerendo
1658 2862 1942 2921 spargere

173 2943 271 2983 me
304 2943 374 2983 ac
403 2925 805 2982 disseminare
837 2924 1177 2982 arbitrabar
1204 2925 1266 2981 in
1296 2925 1460 2982 orbis
1488 2930 1682 2981 terrae
1725 2943 1943 2984 memo-

173 3005 327 3062 riam
371 3005 824 3080 sempiternam.
909 3003 1079 3060 Haec
1125 3021 1266 3060 vero
1316 3004 1447 3060 sive
1500 3021 1536 3059 a
1581 3022 1715 3061 meo
1758 3023 1941 3062 sensu
1969 3005 2045 3062 35

172 3092 314 3160 post
341 3091 603 3144 mortem
637 3083 878 3140 afutura
904 3089 999 3139 est
1027 3083 1174 3151 sive,
1207 3087 1274 3137 ut
1316 3083 1747 3157 sapientissimi
1779 3083 1943 3140 hom-

170 3165 303 3222 ines
330 3166 728 3241 putaverunt,
761 3162 837 3218 ad
868 3162 1129 3236 aliquam
1175 3162 1289 3218 mei
1333 3168 1566 3235 partem
1596 3163 1937 3235 pertinebit,

170 3259 328 3304 nune
355 3244 613 3322 quidem
657 3247 817 3298 certe
859 3241 1228 3321 cogitatione
1270 3242 1535 3315 quadam
1578 3257 1801 3323 speque
1845 3241 1943 3304 de-

170 3321 363 3392 lector.
