2284 3717
486 144 629 191 PRO
682 146 874 193 REGE
928 147 1306 194 nmo‘rARo
1353 147 1655 195 ORATIO.
1884 133 2007 197 159

137 299 397 358 Memini
439 301 600 358 enim
644 302 836 359 isdem
882 303 1000 362 fere
1031 305 1231 362 verbis
1274 305 1350 363 ad
1401 321 1499 361 me
1541 309 1602 362 te
1645 304 1902 363 scribere

131 399 348 456 meque
399 382 526 439 tuis
577 382 798 440 litteris
849 384 997 441 bene
1048 401 1290 459 sperare
1334 402 1456 442 non
1501 385 1727 442 frustra
1767 404 1900 443 esse

139 462 404 533 jussum.
513 462 754 519 Laboro
810 465 1086 538 equidem
1146 466 1308 539 regis
1369 465 1640 522 Deiotari
1697 483 1897 535 causa,

129 559 393 614 quocum
427 540 576 597 mihi
609 542 933 599 amicitiam
964 561 1059 600 res
1097 546 1339 618 publica
1368 545 1732 614 conciliavit,
1767 545 1900 602 hos-

127 622 349 694 pitium
384 621 668 678 voluntas
713 623 1024 698 utriusque
1067 623 1394 698 conjunxit,
1427 624 1894 681 familiaritatem
1967 626 2003 684 5

128 700 510 757 consuetudo
570 701 793 770 attulit,
839 719 1139 759 summam
1193 722 1334 761 vero
1391 704 1896 761 necessitudinem

124 797 360 853 magna
388 781 520 854 ejus
551 780 742 837 officia
771 782 832 838 in
864 800 958 839 me
987 790 1049 839 et,
1077 784 1138 839 in
1175 784 1506 841 exercitum
1534 801 1732 840 meum
1764 784 1899 841 effe-

124 866 377 917 cerunt:
423 860 533 917 sed
580 878 717 917 cum
748 861 820 918 de
866 862 967 918 illo
1010 863 1221 920 laboro
1264 870 1393 921 tum
1425 864 1498 921 de
1540 863 1749 920 multis
1780 881 1899 920 am-

123 939 426 1014 plissimis
479 940 647 1011 viriS‚
703 941 921 1018 quipus
979 943 1163 999 semel
1220 943 1503 1017 ignotum
1560 961 1596 999 a
1645 949 1706 1000 te
1762 960 1895 1000 esse

127 1024 388 1093 oportet,
421 1036 531 1077 nec
561 1019 911 1077 beneficium
944 1027 1117 1078 tuum
1159 1023 1222 1078 in
1253 1023 1502 1080 dubium
1535 1023 1755 1094 vocari,
1788 1040 1895 1080 nec
1928 1024 2002 1080 10

128 1097 381 1155 haerere
424 1100 488 1154 in
534 1100 752 1156 animis
802 1100 1114 1158 hominum
1166 1102 1636 1159 sollicitudinem
1681 1102 1898 1176 sempi-

124 1185 387 1249 ternam,
421 1196 532 1235 nec
562 1179 830 1236 accidere
862 1186 930 1236 ut
958 1182 1281 1256 quisquam
1315 1188 1375 1238 te
1404 1182 1617 1239 timere
1647 1182 1896 1257 incipiat

125 1276 355 1329 eorum,
400 1259 506 1333 qui
564 1259 689 1315 sint
738 1260 919 1316 semel
973 1279 1009 1317 a
1048 1268 1109 1318 te
1160 1261 1396 1318 liberati
1440 1262 1671 1319 timore.
1755 1261 1897 1318 Non

126 1337 335 1407 debe0‚
374 1336 441 1395 G.
479 1337 722 1408 Caesar,
754 1340 915 1414 quod
944 1339 1067 1397 fieri
1098 1341 1252 1398 solet
1282 1342 1343 1396 in
1374 1342 1564 1398 tantis
1591 1340 1893 1416 periculis,

126 1423 431 1492 temptare
483 1436 818 1493 ecquonam
872 1420 1054 1477 modo
1111 1420 1365 1478 dicendo
1421 1421 1895 1477 misericordiam
1929 1419 2000 1475 15

126 1503 298 1554 tuam
329 1514 713 1554 commovere
743 1500 1008 1573 possim;
1052 1499 1203 1556 nihil
1233 1518 1386 1574 opus
1415 1507 1544 1558 est:
1589 1517 1896 1557 occurrere

128 1577 284 1633 solet
311 1577 452 1650 ipsa
476 1578 853 1652 supplicibus
875 1585 938 1635 et
960 1579 1343 1652 calamitosis
1368 1580 1592 1636 nullius
1623 1580 1894 1638 oratione

127 1663 400 1713 evocata.
494 1656 776 1730 Propone
806 1658 913 1714 tibi
944 1659 1096 1715 duos
1125 1677 1301 1733 reges
1336 1666 1399 1716 et,
1430 1659 1489 1716 id
1535 1661 1733 1716 animo
1764 1677 1897 1716 con-

129 1736 442 1811 templare,
476 1737 638 1810 quod
683 1738 871 1794 oculis
902 1756 1021 1794 non
1065 1746 1274 1811 potes:
1320 1739 1494 1796 dabis
1536 1741 1804 1814 profecto
1835 1739 1895 1795 id

130 1815 582 1872 misericordiae
619 1817 779 1891 quod
824 1817 1172 1875 iracundiae
1212 1819 1610 1893 denegavisti.
1696 1819 1899 1877 Multa
1927 1819 2001 1875 20

131 1902 271 1951 sunt
296 1903 695 1952 monumenta
715 1897 1065 1954 clementiae
1087 1907 1243 1968 tuae,
1267 1900 1372 1956 sed
1399 1899 1663 1955 maxima
1686 1915 1894 1955 eorum

130 1974 599 2044 incolumitateS,
644 1976 862 2050 quibus
913 1976 1171 2034 salutem
1219 1978 1471 2052 dedisti3
1528 1996 1682 2052 quae
1735 1978 1785 2034 si
1831 1978 1894 2033 in

132 2055 393 2128 privatis
450 2055 719 2128 gloriosa
774 2062 931 2127 sunt,
976 2057 1167 2114 multo
1217 2059 1417 2131 magis
1474 2074 1899 2115 commemoras

134 2133 363 2191 buntur
405 2134 471 2189 in
516 2134 776 2207 regibus
865 2136 1115 2211 Semper
1160 2138 1392 2211 regium
1437 2155 1654 2194 nomen
1688 2138 1749 2194 in
1782 2136 1895 2193 hac

134 2215 383 2271 civitate
429 2225 710 2271 sanctum
742 2215 873 2286 fuit,
906 2216 1204 2273 sociorum
1237 2234 1377 2274 vero
1416 2233 1627 2291 regum
1659 2224 1721 2273 et
1752 2216 1896 2273 ami·
1924 2217 1998 2273 25

133 2310 339 2350 corum
371 2294 841 2351 sanctissimum.

216 2376 306 2431 15.
357 2373 537 2445 Quod
569 2391 787 2430 nomen
819 2374 879 2430 hi
904 2381 1075 2450 reges
1104 2392 1179 2431 ne
1211 2376 1559 2432 amitterent
1585 2382 1645 2433 te
1670 2376 1895 2433 victore

136 2452 484 2522 timuerunt,
509 2458 809 2510 retentum
842 2472 982 2511 vero
1012 2463 1073 2511 et
1104 2473 1140 2510 a
1165 2461 1223 2510 te
1254 2455 1668 2512 confirmatum
1700 2463 1897 2531 poste-

137 2532 217 2587 ris
245 2532 433 2588 etiam
464 2533 594 2589 suis
623 2533 954 2590 tradituros
989 2551 1051 2590 se
1081 2551 1215 2590 esse
1245 2534 1566 2593 confidunt.
1629 2534 1896 2610 Corpora

138 2627 246 2667 sua
293 2628 406 2686 pro
454 2612 649 2669 salute
698 2630 906 2687 regum
959 2631 1205 2670 suorum
1251 2613 1312 2670 hi
1356 2613 1543 2689 legati
1586 2615 1699 2671 tibi
1741 2614 1895 2688 regii
1927 2615 2001 2670 30

137 2690 404 2761 tradunt,
460 2691 689 2748 Hieras
747 2699 810 2749 et
866 2692 1211 2749 Blesamius
1266 2699 1328 2750 et
1371 2695 1737 2765 Antigonus,
1783 2694 1895 2750 tibi

140 2770 431 2845 nobisque
482 2772 765 2828 omnibus
801 2773 926 2845 jam
975 2773 1078 2829 diu
1121 2773 1266 2841 noti,
1306 2773 1635 2847 eademque
1680 2773 1791 2830 fide
1833 2780 1896 2830 et

141 2849 368 2906 virtute
415 2850 729 2923 praeditus
779 2851 1104 2925 Dorylaus,
1151 2852 1251 2926 qui
1294 2870 1484 2925 nuper
1521 2871 1652 2909 cum
1706 2852 1898 2909 Hiera

140 2927 380 3003 legatus
427 2937 525 2987 est
574 2931 650 2986 ad
700 2937 759 2986 tc
810 2932 1049 3001 missuS,
1082 2949 1216 2988 cum
1267 2949 1475 3013 regum
1527 2931 1893 3001 amicissimi,

139 3015 269 3064 tum
299 3009 411 3065 tibi
441 3009 645 3078 etiam,
678 3016 745 3065 ut
788 3028 978 3084 spero,
1010 3010 1271 3085 probati.
1359 3011 1621 3085 Exquire
1652 3012 1725 3068 de
1767 3010 1899 3065 Ble-
1927 3009 2001 3066 35

144 3089 336 3144 samio
378 3106 519 3145 num
553 3089 697 3163 quid
742 3090 818 3146 ad
862 3108 1065 3164 regem
1098 3097 1309 3146 contra
1338 3090 1696 3165 dignitatem
1729 3096 1898 3145 tuam

145 3169 473 3242 scripserit.
562 3167 783 3224 Hieras
813 3170 1052 3244 quidem
1084 3187 1330 3226 causam
1364 3188 1598 3226 omnem
1645 3168 1898 3240 suscipit

147 3253 207 3302 et
232 3247 587 3304 criminibus
630 3247 750 3304 illis
791 3265 900 3323 pro
931 3266 1070 3323 rege
1101 3266 1165 3305 se
1211 3249 1495 3322 supponit
1531 3263 1736 3316 reum;
1779 3263 1899 3300 me-

152 3327 400 3384 moriam
428 3332 599 3383 tuam
627 3327 925 3412 implorat,
959 3346 1080 3403 qua
1109 3327 1277 3383 vales
1304 3326 1633 3400 plurimum
1657 3342 1671 3394 3
1716 3326 1900 3393 negat
