2284 3717
432 181 528 227 DE
578 179 903 227 IMPERIO
953 179 1073 228 GN.
1104 179 1419 226 POIPEII
1470 177 1772 226 ORATIO.
1946 165 2032 230 87

144 344 210 396 et
236 336 493 396 tabulas
539 343 858 413 ceteraque
892 341 1252 394 ornamenta
1287 336 1654 395 Graecorum
1682 335 1929 411 oppido·

147 435 309 488 rum,
344 436 504 493 quae
546 417 734 474 ceteri
775 417 1041 473 tollenda
1078 434 1216 473 esse
1260 418 1652 485 arbitrantur,
1696 434 1768 471 ea
1810 417 1926 474 sibi

150 497 256 554 ille
304 516 382 553 ne
414 497 673 554 visenda
702 497 946 572 quidem
986 496 1379 553 existimavit.
1464 496 1681 570 Itaque
1718 513 1926 553 omnes

153 594 321 633 nunc
350 578 417 632 in
446 578 537 633 eis
576 577 730 633 locis
762 576 871 634 Cn.
904 576 1266 650 Pompeium
1307 575 1464 632 sicut
1506 576 1772 649 aliquem
1806 593 1926 633 non

153 673 235 712 ex
282 657 398 713 hac
442 657 590 712 urbe
629 657 906 724 missum,
944 657 1052 713 sed
1094 656 1168 711 de
1210 655 1377 711 caelo
1417 655 1731 729 delapsum
1774 655 1928 711 intu·
1992 657 2030 714 5

156 743 381 808 entur;
439 753 600 792 nunc
648 736 909 809 denique
959 736 1259 810 incipiunt
1307 735 1544 791 credere
1593 735 1782 791 fuisse
1829 734 1929 791 ho·

154 814 362 871 mines
418 814 739 872 Romanos
795 814 908 871 hac
961 815 1267 889 quondam
1324 814 1713 884 continentia,
1764 814 1926 888 quod

162 895 302 968 jam
349 894 704 950 nationibus
747 894 970 951 exteris
1012 894 1364 952 incredibile
1409 912 1479 951 ac
1509 894 1662 950 salso
1708 910 1904 949 memo

155 973 289 1030 riae
373 974 684 1046 proditum
757 974 1117 1047 videbatur;
1198 991 1357 1031 nunc
1434 973 1673 1049 imperii
1738 974 1924 1029 vestri

157 1053 456 1126 splendor
499 1053 624 1109 illis
666 1054 954 1127 gentibus
999 1054 1194 1110 lucem
1233 1054 1468 1110 adferre
1498 1053 1726 1128 coepit;
1769 1070 1928 1109 nunc
1960 1054 2030 1109 10

157 1132 526 1206 intelligunt
570 1150 692 1189 non
730 1134 858 1189 sine
901 1151 1087 1191 causa
1128 1135 1386 1207 majores
1429 1151 1573 1189 suos
1611 1142 1759 1202 tum,
1790 1149 1926 1189 cum

158 1230 239 1267 ea
268 1212 677 1286 temperantia
718 1212 1114 1286 magistratus
1156 1212 1542 1282 habebamuS,
1575 1213 1801 1269 servire
1828 1230 1928 1286 po·

159 1291 311 1367 pulo
361 1291 642 1348 Romano
672 1309 854 1366 quam
895 1292 1191 1366 imperare
1230 1292 1366 1348 aliis
1394 1292 1697 1348 maluisse.
1782 1291 1925 1348 Jam

160 1388 313 1427 vero
363 1370 453 1426 ita
480 1371 688 1427 faciles
739 1371 941 1427 aditus
991 1372 1069 1428 ad
1112 1389 1250 1430 eum
1298 1372 1689 1445 privatorum,
1733 1370 1823 1427 ita
1867 1370 1930 1425 li·

159 1450 348 1507 berae
379 1450 789 1524 querimoniae
819 1451 892 1506 de
916 1451 1172 1508 aliorum
1204 1451 1439 1525 injuriis
1468 1468 1602 1507 esse
1624 1451 1925 1520 dicuntur,
1961 1451 2031 1507 15

159 1536 234 1586 ut
290 1530 365 1597 is,
409 1531 511 1604 qui
561 1530 863 1603 dignitate
911 1531 1286 1605 principibus
1331 1531 1590 1601 excellit,
1636 1529 1926 1586 facilitate

160 1608 394 1666 infimis
435 1626 546 1682 par
585 1627 721 1666 esse
756 1609 1049 1667 videatur.
1133 1611 1280 1668 Jam
1322 1619 1618 1685 quantum
1659 1608 1926 1678 consiliO,

161 1695 468 1764 quantum
509 1689 744 1746 dicendi
789 1690 1093 1763 gravitate
1134 1696 1199 1746 et
1240 1692 1414 1765 copia
1456 1690 1673 1758 valeat,
1705 1688 1766 1745 in
1809 1705 1929 1762 quo

161 1769 301 1844 ipso
346 1768 510 1825 inest
546 1769 847 1842 quaedam
875 1769 1150 1843 dignitas
1193 1770 1597 1843 imperatoria,
1631 1786 1755 1835 voS,
1790 1767 1932 1841 Qui-

162 1849 336 1918 riteS,
383 1846 497 1904 hoc
542 1848 676 1923 ipso
718 1865 793 1905 ex
835 1848 967 1905 loco
1013 1865 1194 1923 saepe
1237 1850 1627 1923 cognovistis
1714 1847 1928 1904 Fidem
1958 1848 2034 1904 20

164 1946 311 1984 vero
358 1929 488 2001 ejus
533 1934 827 2002 quantam
872 1928 1031 1984 inter
1076 1929 1273 1985 socios
1313 1929 1647 1986 existimari
1675 1927 1925 2002 putatia,

163 2025 353 2082 quam
383 2007 593 2065 hostes
624 2024 833 2063 omnes
864 2008 1135 2063 omnium
1166 2026 1450 2082 generum
1482 2008 1927 2065 sanctissimam

173 2085 555 2161 judicarint-Y
640 2085 1042 2146 Humanitate
1074 2090 1202 2161 jam
1243 2094 1416 2144 tanta
1452 2094 1564 2157 est,
1596 2094 1665 2143 ut
1694 2087 1927 2143 difficile

167 2167 338 2223 dictu
390 2167 472 2223 sit
510 2172 715 2222 utrum
771 2166 980 2223 hostes
1022 2168 1222 2241 magis
1269 2169 1556 2224 virtutem
1606 2169 1735 2241 ejus
1782 2184 1930 2241 pug-

164 2251 387 2303 nantes
411 2245 728 2302 timuerint
757 2263 836 2301 an
866 2247 1391 2303 mansuetudinem
1419 2247 1561 2304 victi
1591 2247 1924 2303 dilexerint.
1959 2245 2033 2301 25

163 2325 249 2383 Et
279 2326 604 2402 quisquam
629 2325 937 2382 dubitabit
956 2327 1103 2400 quin
1133 2327 1273 2382 huic
1303 2326 1415 2384 hoc
1438 2332 1677 2383 tantum
1701 2325 1925 2382 bellum

160 2405 711 2462 transmittendum
758 2405 856 2472 sit,
900 2406 1004 2479 qui
1048 2406 1124 2461 ad
1168 2406 1372 2462 omnia
1420 2412 1659 2463 nostrae
1709 2423 1929 2462 memo·

160 2486 291 2541 riae
322 2484 486 2540 bella.
516 2483 886 2541 conficienda
915 2484 1121 2541 divino
1153 2486 1415 2559 quodam
1456 2485 1704 2542 consilio
1748 2491 1928 2542 natus
1965 2521 1970 2524 -

160 2582 298 2621 esse
330 2561 658 2621 videatur?

247 2647 340 2701 15.
390 2643 477 2699 Et
506 2642 794 2715 quoniam
845 2644 1177 2700 auctoritas
1219 2663 1456 2719 quoque
1507 2645 1569 2701 in
1612 2646 1788 2702 bellis
1833 2644 1932 2701 ad·
1959 2646 2034 2701 30

161 2723 593 2797 ministrandis
652 2723 913 2778 multum
981 2732 1163 2797 atque
1229 2725 1293 2779 in
1362 2726 1612 2798 imperio
1679 2724 1929 2781 militari

163 2803 350 2871 valet,
385 2807 546 2859 certe
589 2801 814 2857 nemini
845 2803 1098 2859 dubium
1138 2809 1234 2859 est
1260 2805 1406 2877 quin
1435 2822 1509 2860 ea
1536 2823 1598 2861 re
1637 2804 1800 2861 idem
1829 2805 1929 2860 ille

160 2883 504 2957 imperator
560 2881 885 2955 plurimum
952 2883 1166 2956 possit.
1253 2883 1661 2941 Vehementer
1724 2890 1928 2941 autem

162 2962 474 3036 pertinere
516 2961 592 3016 ad
634 2960 790 3017 bella
819 2962 1298 3029 administranda
1340 2964 1483 3036 quid
1527 2963 1750 3033 hosteS,
1783 2963 1929 3037 quid

165 3043 313 3098 socii
381 3040 455 3095 de
526 3039 990 3112 imperatoribus
1059 3043 1285 3098 nostris
1353 3043 1721 3111 existiment,
1794 3041 1929 3115 quis
1960 3040 2034 3096 35

165 3120 431 3195 ignorat,
476 3137 614 3176 cum
662 3120 923 3175 sciamus
968 3120 1241 3177 homines
1282 3122 1344 3177 in
1389 3123 1579 3178 tantis
1621 3123 1815 3189 rebuS‚
1861 3127 1931 3176 ut

167 3209 274 3257 aut
304 3204 704 3256 contemnant
730 3206 835 3255 aut
864 3206 1140 3256 metuant
1171 3206 1277 3255 aut
1306 3201 1541 3257 oderint
1570 3207 1676 3256 aut
1707 3206 1925 3268 ament,

168 3280 453 3353 opinione
505 3294 629 3333 non
677 3278 878 3335 minus
926 3285 989 3335 et
1028 3280 1193 3335 fama
1232 3297 1414 3353 quam
1460 3281 1663 3351 aliqua.
1700 3278 1929 3331 ratione

169 3359 329 3417 certa
359 3355 773 3424 commoveri?
860 3359 1035 3430 Quod
1065 3358 1254 3431 igitur
1283 3374 1502 3413 nomen
1542 3371 1824 3427 umquam
1866 3354 1927 3407 in
