2284 3717
217 135 348 200 204
724 150 801 196 11.
852 149 1111 197 TULLII
1162 149 1557 197 cmnssoms
1622 134 1628 138 ’

323 306 540 364 stituto
582 312 845 376 coactae,
878 306 1021 363 socii
1065 305 1394 363 fidelissimi
1426 306 1489 363 in
1518 305 1790 364 hostium
1821 324 2068 365 numero

322 387 671 455 existima-ti,
704 387 868 443 cives
911 386 1176 442 Romani
1222 386 1502 443 servilem
1542 387 1605 442 in
1652 388 1907 445 modum
1950 406 2068 445 cru-

323 466 463 522 ciati
482 470 545 522 et
562 467 774 536 necati,
793 466 1067 523 homines
1086 466 1501 522 nocentissimi
1519 471 1766 541 propter
1783 469 2068 542 pecunias

325 546 552 620 judicio
580 546 837 614 liberati,
897 545 1311 602 honestissimi
1341 550 1520 619 atque
1549 545 1930 620 integerrimi
1976 548 2069 604 ab·

257 630 291 686 5
324 632 524 682 sentes
554 626 637 682 rei
668 625 808 682 facti
841 624 1069 681 indicta
1111 642 1295 681 causa
1326 624 1598 680 damnati
1625 631 1688 683 et
1716 627 1913 700 ejecti,
1944 644 2071 701 por-

321 710 422 762 tus
452 704 860 774 munitissimi,
887 705 1187 760 maximae
1216 704 1677 779 tutissimaeque
1707 706 1892 762 urbes
1921 708 2072 782 pira·

321 785 403 842 tis
457 784 976 860 praedonibusque
1031 783 1388 858 patefactae,
1446 789 1667 840 nautae
1725 785 2069 861 militesque

329 863 665 922 Siculorum
724 864 871 920 socii
926 863 1119 920 nostri
1144 934 1151 940 .
1181 868 1360 938 atque
1418 863 1593 920 amici
1643 863 1803 920 fame
1851 865 2067 937 necati,

324 943 550 1000 classes
580 943 844 1019 optimae
875 948 1054 1017 atque
1084 942 1633 1018 opportunissimae
1664 960 1802 1000 cum
1842 963 2071 1018 magna

222 1027 294 1083 10
325 1023 661 1096 ignominia
727 1022 934 1098 populi
1005 1022 1270 1080 Romani
1341 1022 1600 1078 amissae
1657 1027 1720 1079 et
1774 1025 2066 1096 perditae.

324 1103 497 1160 Idem
527 1103 641 1160 iste
671 1109 915 1176 praetor
943 1107 1336 1159 monumenta
1378 1102 1809 1175 antiquissima
1843 1104 2070 1177 partim

321 1199 535 1255 regum
566 1182 1193 1255 locupletissimorum,
1226 1199 1378 1257 quae
1409 1181 1492 1236 illi
1527 1188 1885 1239 ornamento
1916 1183 2073 1239 urbi-

323 1261 438 1318 bus
482 1279 614 1317 esse
661 1262 997 1330 voluerunt,
1044 1261 1266 1337 partim
1322 1261 1508 1317 etiam
1565 1267 1914 1317 nostrorum
1972 1262 2074 1318 im-

325 1340 685 1415 peratorum,
745 1358 899 1415 quae
957 1341 1220 1397 victores
1276 1340 1623 1397 civitatibus
1685 1339 1910 1397 Siculis
1968 1345 2072 1398 aut

142 1490 146 1501 Ι
225 1424 292 1482 15
325 1421 621 1477 dederunt
689 1425 796 1477 aut
865 1419 1273 1489 reddiderunt,
1338 1419 1629 1495 spoliavit
1695 1421 2070 1496 nudavitque

325 1501 559 1572 omnia3
602 1518 793 1574 neque
836 1500 949 1558 hoc
992 1500 1185 1556 solum
1230 1499 1292 1555 in
1334 1499 1554 1556 statuis
1583 1500 2069 1574 ornamentisque

324 1579 583 1653 publicis
614 1580 769 1649 fecit,
804 1580 909 1636 sed
938 1579 1124 1635 etiam
1154 1578 1403 1635 delubra
1433 1578 1636 1635 omnia
1664 1579 2067 1635 sanctissimis

327 1658 718 1732 religionibus
749 1664 1101 1715 consecrata
1129 1658 1521 1733 depeculatus
1550 1662 1659 1727 est,
1692 1658 1875 1715 deum
1905 1658 2065 1715 deni-

325 1755 439 1812 que
469 1738 697 1794 nullum
732 1737 954 1795 Siculis
984 1738 1086 1812 qui
1115 1738 1169 1794 ei
1200 1738 1381 1813 paulo
1408 1737 1605 1811 magis
1638 1737 1868 1808 affabre
1892 1743 2067 1812 atque

221 1820 296 1877 20
328 1814 575 1892 antiquo
596 1817 845 1875 artificio
867 1818 1061 1875 factus
1081 1817 1389 1874 videretur
1406 1816 1664 1890 reliquit.
1750 1815 1824 1873 In
1846 1818 2068 1891 stupris

327 1914 469 1953 vero
499 1903 561 1953 et
591 1896 836 1970 flagitiis
860 1897 1120 1954 nefarias
1144 1898 1273 1969 ejus
1296 1896 1577 1953 libidines
1603 1913 2067 1953 commemorare

325 1977 551 2051 pudore
582 1976 922 2050 deterreor3
967 1975 1144 2033 simul
1189 1976 1429 2032 illorum
1472 1975 1887 2032 calamitatem
1917 1993 2068 2033 com-

327 2056 715 2112 memorando
746 2073 964 2129 augere
988 2056 1143 2124 nolO,
1167 2056 1386 2129 quibus
1414 2056 1635 2111 liberos
1666 2057 2066 2130 conjugesque

328 2152 471 2191 suas
503 2135 775 2208 integras
823 2136 897 2191 ab
946 2136 1122 2191 istius
1167 2134 1506 2210 petulantia
1548 2152 1907 2192 conservare
1951 2152 2068 2191 non

222 2217 296 2273 25
327 2214 557 2270 licitum
587 2220 697 2270 est.
783 2214 873 2271 At
907 2215 1066 2270 enim
1116 2213 1265 2270 haec
1312 2214 1398 2271 ita
1444 2214 1767 2271 commissa
1812 2220 1955 2271 sunt
1996 2215 2067 2270 ab

326 2294 461 2361 ist0‚
494 2298 562 2350 ut
600 2311 718 2350 non
756 2294 1001 2368 cognita
1042 2293 1170 2350 sint
1217 2294 1292 2350 ab
1338 2292 1716 2350 hominibus:
1762 2293 2065 2350 hominem

329 2373 588 2430 arbitror
635 2390 767 2430 esse
819 2374 1118 2429 neminem
1166 2373 1268 2447 qui
1317 2390 1538 2429 nomen
1587 2372 1766 2430 istius
1815 2373 2070 2430 audierit

327 2452 472 2527 quin
503 2452 662 2508 facta
690 2470 926 2527 quoque
955 2454 1084 2526 ejus
1111 2452 1346 2509 nefaria
1366 2468 1832 2509 commemorare
1862 2452 2067 2527 possit,

326 2538 397 2588 ut
426 2531 574 2588 mihi
603 2532 801 2605 magis
830 2532 1170 2588 timendum
1200 2532 1282 2588 sit
1309 2549 1383 2587 110
1413 2530 1605 2588 multa
1633 2530 1888 2588 crimina
1911 2549 2072 2607 prae-

221 2612 300 2669 30
330 2612 662 2668 termittere
692 2628 873 2686 quam
902 2629 975 2668 ne
1006 2629 1126 2685 qua
1158 2611 1221 2667 in
1250 2610 1437 2666 istum
1474 2609 1697 2684 fingere
1728 2610 2069 2682 existimer3

329 2708 523 2765 neque
565 2690 727 2747 enim
769 2689 921 2746 mihi
952 2691 1193 2747 videtur
1241 2688 1389 2746 haec
1435 2688 1782 2760 multitudo,
1815 2708 1969 2765 quae
2000 2688 2071 2745 ad

332 2770 698 2827 audiendum
763 2770 1060 2837 convenit,
1119 2785 1479 2842 cognoscere
1535 2785 1610 2825 ex
1663 2785 1761 2824 me
1827 2785 2073 2826 causam

332 2849 614 2919 voluisse,
650 2848 754 2905 sed
784 2866 873 2919 ea,
908 2867 1061 2923 quae
1094 2848 1224 2915 scit,
1258 2865 1491 2904 mecum
1521 2864 1969 2921 recognoscere.

413 2932 461 2984 6.
510 2929 678 2999 Quae
722 2945 857 2984 cum
900 2928 988 2984 ita
1031 2928 1170 2997 sint,
1201 2927 1318 2983 iste
1362 2926 1542 2983 homo
1586 2944 1796 2983 amens
1843 2945 1911 2985 ac
1954 2944 2076 3002 per·

225 3007 300 3065 35
332 3007 496 3063 ditus
541 3007 661 3062 alia
700 3024 933 3062 mecum
980 3008 1217 3063 ratione
1262 3011 1528 3081 pugnat:
1573 3023 1693 3061 non
1731 3006 1794 3063 id
1843 3008 1972 3081 agit
2012 3012 2076 3064 ut

334 3085 585 3154 alicujus
614 3084 1018 3155 eloquentiam
1062 3085 1212 3141 mihi
1243 3090 1525 3159 opponat,
1557 3102 1677 3141 non
1706 3087 1927 3158 gratia,
1961 3103 2076 3142 non

334 3159 693 3213 auctoritate
718 3162 1088 3232 cujusquam,
1114 3180 1236 3218 non
1264 3163 1539 3235 potentia
1569 3163 1800 3221 nititur.
1891 3165 2079 3222 Simu-

273 3250 277 3255 ·
329 3233 419 3288 lat
448 3234 542 3287 his
572 3250 634 3286 se
657 3234 834 3288 rebus
857 3237 1167 3308 confidere,
1194 3240 1299 3295 sed
1324 3241 1501 3297 video
1525 3241 1671 3315 quid
1692 3248 1861 3316 agat,
1888 3261 2077 3319 neque

332 3308 492 3361 enim
523 3308 652 3378 agit
681 3310 1123 3371 occultissime:
1167 3317 1453 3391 proponit
1480 3319 1687 3375 inania
1719 3321 1873 3391 mihi
1919 3322 2081 3381 nobi-
