2284 3717
222 126 349 192 116
745 143 819 189 M.
852 141 1108 193 'runnu
1159 141 1556 189 mosaoms

324 297 564 375 pulares
619 298 891 355 insanias
937 298 1063 373 jam
1121 297 1197 355 ab
1254 298 1670 356 adolescentia
1718 299 2086 358 documenta

326 395 603 436 maxima.

409 461 459 515 9.
506 456 926 529 Quamobrem,
949 456 1203 531 judiceS,
1235 461 1305 513 ut
1339 456 1664 531 aliquando
1711 458 1790 515 ad
1838 475 2087 515 causam

327 537 670 611 crimenque
702 537 1031 604 veniamuS‚
1066 536 1118 592 si
1162 553 1355 611 neque
1383 537 1580 593 omnis
1610 537 1911 594 confessio
1941 537 2088 594 facti

261 618 297 675 5
328 623 424 673 est
448 616 758 684 inusitata,
780 633 973 689 neque
1004 615 1079 672 de
1107 632 1293 673 causa
1320 623 1533 673 nostra
1554 617 1880 691 quicquam
1913 616 2090 673 aliter

329 713 398 752 ac
427 713 537 753 nos
561 696 851 752 vellemus
882 712 918 750 a
946 700 1163 752 senatu
1181 694 1522 768 judicatum
1551 701 1662 766 est,
1685 703 1749 752 et
1770 697 1928 752 lator
1955 696 2087 770 ipse

327 774 482 849 legis
511 792 647 832 cum
675 779 838 831 esset
866 775 1278 831 controversia
1305 775 1475 831 nulla
1509 774 1668 844 facti,
1690 775 1850 848 juris
1880 781 2089 832 tamen

327 854 824 928 disceptationem
867 870 1002 910 esse
1031 853 1226 911 voluit
1267 858 1331 911 et
1370 854 1415 910 ii
1455 854 1595 910 lecti
1630 855 1869 927 Judices
1913 854 2087 928 isque

325 934 708 1009 praepositus
735 938 831 990 est
858 933 1221 1007 quaestioni,
1252 933 1355 1007 qui
1386 933 1534 991 haec
1561 935 1726 1007 juste
1757 934 2090 1008 sapienter-

227 1017 299 1074 10
331 1032 446 1088 que
492 1013 807 1086 disceptet,
857 1012 1156 1087 reliquum
1203 1017 1315 1080 est,
1350 1013 1602 1088 judiceS,
1647 1019 1716 1069 ut
1757 1012 1910 1069 nihil
1956 1013 2088 1087 jam

328 1109 612 1167 quaerere
642 1092 803 1149 aliud
827 1091 1097 1149 debeatis
1126 1092 1244 1148 nisi
1273 1097 1408 1149 uter
1430 1092 1551 1148 utri
1577 1092 1835 1149 insidias
1857 1092 2084 1150 fecerit.

332 1172 508 1244 Quod
554 1189 673 1246 quo
717 1171 955 1228 facilius
1010 1172 1389 1245 argumentis
1432 1172 1766 1246 perspicere
1808 1172 2084 1247 possitis,

329 1268 455 1308 rem
511 1257 746 1325 gestam
790 1250 964 1307 vobis
1019 1250 1165 1307 dum
1221 1250 1484 1308 breviter
1537 1268 1789 1327 expono,
1838 1268 2086 1325 quaese,

330 1331 653 1404 diligenter
682 1329 991 1386 attendite.

228 1414 301 1471 15
415 1410 482 1469 P.
518 1409 770 1468 Clodius
815 1426 949 1465 cum
997 1408 1317 1466 statuisset
1358 1408 1521 1466 omni
1562 1409 1783 1466 scelere
1827 1410 1894 1466 in
1920 1427 2090 1484 prae·

329 1496 469 1547 tura
500 1506 717 1546 vexare
747 1505 873 1545 rem
900 1488 1202 1563 publicam
1235 1489 1582 1563 videretque
1612 1489 1700 1545 ita
1728 1494 1926 1546 tracta
1952 1505 2089 1546 esse

331 1569 574 1627 comitia
603 1585 760 1624 anno
791 1567 1113 1641 superiore,
1148 1572 1216 1624 ut
1243 1585 1364 1625 non
1393 1568 1619 1625 multos
1646 1586 1890 1626 menses
1918 1586 2089 1643 prae·

329 1653 531 1704 turam
556 1665 760 1722 gerere
783 1653 1009 1721 posset,
1030 1646 1131 1721 qui
1158 1664 1276 1703 non
1302 1646 1549 1704 honoris
1571 1648 1830 1721 gradum
1855 1652 2092 1723 specta-

331 1733 439 1796 ret,
473 1733 541 1783 ut
582 1727 780 1794 ceteri,
819 1726 924 1782 sed
971 1733 1032 1782 et
1078 1725 1149 1783 L.
1179 1725 1436 1783 Paulum
1483 1727 1779 1801 collegam
1824 1727 2091 1802 effugere

230 1809 304 1868 20
335 1806 534 1875 vellet,
568 1805 864 1880 singulari
893 1805 1115 1862 virtute
1161 1805 1373 1875 civem,
1404 1811 1467 1863 et
1514 1824 1740 1863 annum
1780 1806 2091 1882 integrum

334 1886 411 1944 ad
442 1885 889 1942 dilacerandam
919 1902 1044 1942 rem
1070 1884 1372 1960 publicam
1409 1892 1738 1960 quaereret,
1770 1887 1979 1944 subito
2008 1903 2094 1943 re·

333 1966 512 2041 liquit
556 1982 779 2021 annum
836 1981 1013 2020 suum
1071 1981 1322 2039 seseque
1368 1964 1432 2021 in
1478 1983 1703 2022 annum
1746 1966 2124 2040 proximum-

331 2045 659 2110 transtulit,
690 2061 828 2113 non,
861 2049 930 2099 ut
971 2042 1053 2113 fit,
1083 2044 1375 2118 religione
1420 2045 1639 2119 aliqua,
1672 2045 1779 2102 sed
1815 2052 1885 2102 ut
1915 2045 2097 2102 habe·

332 2131 439 2193 ret,
471 2124 631 2199 quod
661 2123 790 2197 ipse
820 2123 1078 2192 dicebat,
1112 2124 1188 2180 ad
1224 2129 1566 2198 praeturam
1597 2124 1946 2197 gerendam,
1979 2124 2095 2182 hoc

228 2207 301 2264 25
334 2210 445 2273 est,
492 2204 566 2259 ad
608 2202 998 2259 evertendam
1041 2219 1167 2259 rem
1212 2202 1532 2277 publicam,
1573 2204 1821 2278 plenum
1865 2222 2093 2261 annum

333 2290 512 2358 atque
541 2283 859 2354 integrum.
935 2279 1306 2339 Occurrebat
1333 2281 1389 2338 ei
1423 2299 1701 2339 mancam
1732 2297 1800 2339 ac
1830 2283 2094 2340 debilem

331 2368 676 2437 praeturam
699 2361 961 2417 futuram
985 2377 1159 2417 suam
1183 2361 1429 2418 consule
1453 2360 1681 2419 Milone
1703 2381 1717 2434 ;
1746 2379 1886 2418 eum
1910 2380 2095 2437 porro

335 2457 569 2499 summo
598 2457 892 2498 consensu
919 2440 1127 2514 populi
1153 2441 1418 2497 Romani
1447 2442 1754 2497 consulem
1779 2440 1905 2498 fieri
1932 2442 2097 2499 vide·

333 2521 454 2578 bat.
517 2519 793 2579 Contulit
822 2536 886 2575 se
911 2519 986 2575 ad
1013 2520 1142 2591 ejus
1167 2520 1608 2594 competitores
1633 2520 1738 2577 sed
1760 2520 1866 2590 ita,
1895 2525 2096 2579 totam

230 2603 305 2659 30
336 2606 404 2656 ut
432 2600 785 2674 petitionem
832 2597 957 2671 ipse
990 2599 1156 2655 solus
1185 2599 1368 2655 etiam
1398 2598 1610 2656 invitis
1651 2599 1771 2656 illis
1800 2600 2100 2674 guberna-

335 2685 443 2750 ret,
465 2686 596 2736 tota
623 2684 690 2734 ut
712 2677 957 2734 comitia
987 2678 1127 2746 suis,
1152 2683 1219 2733 ut
1248 2678 1585 2746 dictitabat,
1618 2677 1887 2736 humeris
1918 2679 2099 2736 susti-

334 2764 541 2832 neret;
585 2756 958 2814 convocabat
985 2757 1198 2826 tribuS‚
1231 2773 1294 2813 se
1324 2756 1761 2832 interponebat,
1790 2758 2095 2817 Collinam

335 2854 559 2895 novam
609 2836 846 2893 delectu
893 2836 1441 2910 perditissimorum
1490 2837 1714 2895 civium
1762 2839 2099 2895 conscribe·

336 2917 476 2974 bat:
520 2921 748 2992 quanto
779 2913 878 2970 ille
918 2915 1094 2989 plura
1122 2915 1429 2984 miscebat,
1460 2922 1636 2973 tanto
1667 2915 1762 2974 hic
1788 2918 1989 2991 magis
2033 2918 2097 2974 in

233 2997 305 3054 35
338 2995 469 3052 dies
498 2993 982 3053 convalescebat.
1064 2994 1192 3051 Ubi
1221 2994 1382 3051 vidit
1419 2993 1600 3051 homo
1631 2996 1706 3052 ad
1749 3013 1926 3053 omne
1957 2996 2100 3054 faci-

337 3092 451 3131 nus
480 3070 902 3148 paratissimus
933 3072 1332 3129 fortissimum
1362 3073 1577 3143 virum,
1608 3074 2097 3136 inimicissimum

340 3168 534 3220 suum,
580 3148 983 3207 certissimum
1028 3150 1354 3219 consulem,
1399 3152 1577 3226 idque
1633 3153 1932 3211 intellexit
1974 3172 2098 3211 nou

341 3228 534 3283 solum
581 3224 974 3293 sermonibus,
1007 3227 1112 3283 sed
1156 3228 1345 3284 etiam
1391 3230 1693 3305 suffragiis
1735 3233 1944 3308 populi
1977 3233 2099 3291 Ro·

342 3305 507 3358 mani
552 3318 729 3374 saepe
772 3317 905 3356 esse
933 3303 1324 3374 declaratum,
1355 3308 1558 3380 palam
1601 3327 1778 3385 agere
1808 3313 2010 3388 coepit
2036 3317 2099 3369 et
