<?xml version="1.0" encoding="UTF-8"?>
<!DOCTYPE html PUBLIC "-//W3C//DTD XHTML 1.0 Transitional//EN"
    "http://www.w3.org/TR/xhtml1/DTD/xhtml1-transitional.dtd">
<html xmlns="http://www.w3.org/1999/xhtml" xml:lang="en" lang="en">
 <head>
  <title>
</title>
<meta http-equiv="Content-Type" content="text/html;charset=utf-8" />
  <meta name='ocr-system' content='tesseract 3.04.00' />
  <meta name='ocr-capabilities' content='ocr_page ocr_carea ocr_par ocr_line ocrx_word'/>
</head>
<body>
  <div class='ocr_page' id='page_1' title='image "./selectorationsm03stuagoog_0032.png"; bbox 0 0 2284 3717; ppageno 0'>
   <div class='ocr_carea' id='block_1_1' title="bbox 680 503 1709 574">
    <p class='ocr_par' dir='ltr' id='par_1_1' title="bbox 680 503 1709 574">
     <span class='ocr_line' id='line_1_1' title="bbox 680 503 1709 574; baseline 0.001 -1"><span class='ocrx_word' id='word_1_1' title='bbox 680 504 774 574; x_wconf 90' lang='lat' dir='ltr'>M.</span> <span class='ocrx_word' id='word_1_2' title='bbox 829 503 1146 573; x_wconf 91' lang='lat' dir='ltr'><strong>TULLII</strong></span> <span class='ocrx_word' id='word_1_3' title='bbox 1207 503 1709 574; x_wconf 89' lang='lat' dir='ltr'>CICERONIS</span> 
     </span>
    </p>
   </div>
   <div class='ocr_carea' id='block_1_2' title="bbox 260 708 2119 806">
    <p class='ocr_par' dir='ltr' id='par_1_2' title="bbox 260 708 2119 806">
     <span class='ocr_line' id='line_1_2' title="bbox 260 708 2119 806; baseline -0.001 -2"><span class='ocrx_word' id='word_1_4' title='bbox 260 712 379 804; x_wconf 78' lang='lat' dir='ltr'>IN</span> <span class='ocrx_word' id='word_1_5' title='bbox 433 713 524 804; x_wconf 89' lang='lat' dir='ltr'>L.</span> <span class='ocrx_word' id='word_1_6' title='bbox 579 713 1152 803; x_wconf 81' lang='lat' dir='ltr'><strong>CATILINAM</strong></span> <span class='ocrx_word' id='word_1_7' title='bbox 1205 711 1585 803; x_wconf 80' lang='lat' dir='ltr'><strong>ORATIO</strong></span> <span class='ocrx_word' id='word_1_8' title='bbox 1642 708 2119 806; x_wconf 84' lang='lat' dir='ltr'><strong>SECUNDA</strong></span> 
     </span>
    </p>
   </div>
   <div class='ocr_carea' id='block_1_3' title="bbox 717 933 1667 996">
    <p class='ocr_par' dir='ltr' id='par_1_3' title="bbox 717 933 1667 996">
     <span class='ocr_line' id='line_1_3' title="bbox 717 933 1667 996; baseline 0.002 -2"><span class='ocrx_word' id='word_1_9' title='bbox 717 934 1045 994; x_wconf 85' lang='lat' dir='ltr'><strong>HABITA</strong></span> <span class='ocrx_word' id='word_1_10' title='bbox 1088 934 1204 993; x_wconf 91' lang='lat' dir='ltr'>AD</span> <span class='ocrx_word' id='word_1_11' title='bbox 1249 933 1667 996; x_wconf 91' lang='lat' dir='ltr'><strong>POPULUM.</strong></span> 
     </span>
    </p>
   </div>
   <div class='ocr_carea' id='block_1_4' title="bbox 247 1286 2156 3261">
    <p class='ocr_par' dir='ltr' id='par_1_4' title="bbox 361 1286 2133 1602">
     <span class='ocr_line' id='line_1_4' title="bbox 420 1286 2129 1363; baseline 0.003 -18"><span class='ocrx_word' id='word_1_12' title='bbox 420 1290 468 1347; x_wconf 92' lang='lat'>1.</span> <span class='ocrx_word' id='word_1_13' title='bbox 515 1288 795 1345; x_wconf 75' lang='lat' dir='ltr'><strong>TANDEM</strong></span> <span class='ocrx_word' id='word_1_14' title='bbox 840 1286 1501 1362; x_wconf 76' lang='lat' dir='ltr'>aliquand0,Qui1-ites,</span> <span class='ocrx_word' id='word_1_15' title='bbox 1544 1286 1613 1342; x_wconf 91' lang='lat' dir='ltr'>L.</span> <span class='ocrx_word' id='word_1_16' title='bbox 1661 1287 2021 1363; x_wconf 82' lang='lat' dir='ltr'>Catilinam,</span> <span class='ocrx_word' id='word_1_17' title='bbox 2052 1292 2129 1349; x_wconf 85' lang='lat' dir='ltr'>fu-</span> 
     </span>
     <span class='ocr_line' id='line_1_5' title="bbox 361 1365 2128 1447; baseline 0.002 -23"><span class='ocrx_word' id='word_1_18' title='bbox 361 1375 592 1425; x_wconf 85' lang='lat' dir='ltr'>rentem</span> <span class='ocrx_word' id='word_1_19' title='bbox 639 1367 908 1435; x_wconf 84' lang='lat' dir='ltr'>audacia,</span> <span class='ocrx_word' id='word_1_20' title='bbox 941 1368 1136 1423; x_wconf 86' lang='lat' dir='ltr'>scelus</span> <span class='ocrx_word' id='word_1_21' title='bbox 1183 1365 1589 1436; x_wconf 78' lang='lat' dir='ltr'>anhelantem,</span> <span class='ocrx_word' id='word_1_22' title='bbox 1622 1376 1866 1441; x_wconf 86' lang='lat' dir='ltr'>pestem</span> <span class='ocrx_word' id='word_1_23' title='bbox 1900 1373 2128 1447; x_wconf 81' lang='lat' dir='ltr'>patriae</span> 
     </span>
     <span class='ocr_line' id='line_1_6' title="bbox 364 1445 2132 1519; baseline 0.003 -16"><span class='ocrx_word' id='word_1_24' title='bbox 364 1448 591 1504; x_wconf 80' lang='lat' dir='ltr'>nefarie</span> <span class='ocrx_word' id='word_1_25' title='bbox 622 1446 984 1514; x_wconf 85' lang='lat' dir='ltr'>molientem,</span> <span class='ocrx_word' id='word_1_26' title='bbox 1015 1447 1188 1501; x_wconf 90' lang='lat' dir='ltr'>vobis</span> <span class='ocrx_word' id='word_1_27' title='bbox 1229 1455 1408 1519; x_wconf 85' lang='lat' dir='ltr'>atque</span> <span class='ocrx_word' id='word_1_28' title='bbox 1440 1445 1579 1502; x_wconf 89' lang='lat' dir='ltr'>huic</span> <span class='ocrx_word' id='word_1_29' title='bbox 1609 1448 1747 1504; x_wconf 90' lang='lat' dir='ltr'>urbi</span> <span class='ocrx_word' id='word_1_30' title='bbox 1782 1450 1946 1508; x_wconf 85' lang='lat' dir='ltr'>ferro</span> <span class='ocrx_word' id='word_1_31' title='bbox 1979 1452 2132 1508; x_wconf 85' lang='lat' dir='ltr'>flam-</span> 
     </span>
     <span class='ocr_line' id='line_1_7' title="bbox 362 1524 2133 1602; baseline 0.002 -20"><span class='ocrx_word' id='word_1_32' title='bbox 362 1544 579 1602; x_wconf 77' lang='lat' dir='ltr'>maque</span> <span class='ocrx_word' id='word_1_33' title='bbox 612 1526 991 1581; x_wconf 85' lang='lat' dir='ltr'>minitantem</span> <span class='ocrx_word' id='word_1_34' title='bbox 1035 1543 1111 1580; x_wconf 88' lang='lat' dir='ltr'>ex</span> <span class='ocrx_word' id='word_1_35' title='bbox 1144 1524 1285 1579; x_wconf 86' lang='lat' dir='ltr'>urbe</span> <span class='ocrx_word' id='word_1_36' title='bbox 1326 1524 1420 1579; x_wconf 87' lang='lat' dir='ltr'>vel</span> <span class='ocrx_word' id='word_1_37' title='bbox 1463 1526 1753 1597; x_wconf 88' lang='lat' dir='ltr'>ejecimus</span> <span class='ocrx_word' id='word_1_38' title='bbox 1793 1530 1894 1585; x_wconf 87' lang='lat' dir='ltr'>vel</span> <span class='ocrx_word' id='word_1_39' title='bbox 1940 1530 2133 1588; x_wconf 89' lang='lat' dir='ltr'>emisi-</span> 
     </span>
    </p>

    <p class='ocr_par' dir='ltr' id='par_1_5' title="bbox 297 1604 2135 1763">
     <span class='ocr_line' id='line_1_8' title="bbox 297 1604 2128 1678; baseline 0.003 -18"><span class='ocrx_word' id='word_1_40' title='bbox 297 1605 332 1661; x_wconf 83' lang='lat'>5</span> <span class='ocrx_word' id='word_1_41' title='bbox 364 1624 499 1661; x_wconf 87' lang='lat' dir='ltr'>mus</span> <span class='ocrx_word' id='word_1_42' title='bbox 532 1606 625 1661; x_wconf 89' lang='lat' dir='ltr'>vel</span> <span class='ocrx_word' id='word_1_43' title='bbox 661 1605 853 1678; x_wconf 89' lang='lat' dir='ltr'>ipsum</span> <span class='ocrx_word' id='word_1_44' title='bbox 883 1605 1288 1677; x_wconf 82' lang='lat' dir='ltr'>egredientem</span> <span class='ocrx_word' id='word_1_45' title='bbox 1321 1604 1523 1659; x_wconf 80' lang='lat' dir='ltr'>verbis</span> <span class='ocrx_word' id='word_1_46' title='bbox 1556 1610 1867 1677; x_wconf 84' lang='lat' dir='ltr'>prosecuti</span> <span class='ocrx_word' id='word_1_47' title='bbox 1904 1628 2128 1667; x_wconf 72' lang='lat' dir='ltr'>sumus</span> 
     </span>
     <span class='ocr_line' id='line_1_9' title="bbox 362 1682 2135 1763; baseline 0.003 -23"><span class='ocrx_word' id='word_1_48' title='bbox 362 1685 553 1751; x_wconf 87' lang='lat' dir='ltr'>Abiit,</span> <span class='ocrx_word' id='word_1_49' title='bbox 579 1684 853 1752; x_wconf 72' lang='lat' dir='ltr'>excessit,</span> <span class='ocrx_word' id='word_1_50' title='bbox 886 1684 1101 1747; x_wconf 83' lang='lat' dir='ltr'>evasit,</span> <span class='ocrx_word' id='word_1_51' title='bbox 1134 1683 1346 1755; x_wconf 86' lang='lat' dir='ltr'>erupit.</span> <span class='ocrx_word' id='word_1_52' title='bbox 1434 1682 1623 1739; x_wconf 80' lang='lat' dir='ltr'>Nulla</span> <span class='ocrx_word' id='word_1_53' title='bbox 1654 1686 1785 1757; x_wconf 84' lang='lat' dir='ltr'>jam</span> <span class='ocrx_word' id='word_1_54' title='bbox 1831 1691 2135 1763; x_wconf 80' lang='lat' dir='ltr'>pernicies</span> 
     </span>
    </p>

    <p class='ocr_par' dir='ltr' id='par_1_6' title="bbox 247 1762 2156 3261">
     <span class='ocr_line' id='line_1_10' title="bbox 361 1762 2138 1841; baseline 0.005 -22"><span class='ocrx_word' id='word_1_55' title='bbox 361 1781 398 1818; x_wconf 85' lang='lat' dir='ltr'><strong>a</strong></span> <span class='ocrx_word' id='word_1_56' title='bbox 427 1771 697 1819; x_wconf 89' lang='lat' dir='ltr'>monstro</span> <span class='ocrx_word' id='word_1_57' title='bbox 741 1762 840 1817; x_wconf 91' lang='lat' dir='ltr'>illo</span> <span class='ocrx_word' id='word_1_58' title='bbox 876 1771 1053 1834; x_wconf 85' lang='lat' dir='ltr'>atque</span> <span class='ocrx_word' id='word_1_59' title='bbox 1094 1762 1371 1835; x_wconf 80' lang='lat' dir='ltr'>prodigio</span> <span class='ocrx_word' id='word_1_60' title='bbox 1415 1763 1733 1820; x_wconf 85' lang='lat' dir='ltr'>moenibus</span> <span class='ocrx_word' id='word_1_61' title='bbox 1777 1766 1936 1841; x_wconf 87' lang='lat' dir='ltr'>ipsis</span> <span class='ocrx_word' id='word_1_62' title='bbox 1981 1771 2138 1827; x_wconf 79' lang='lat' dir='ltr'>intra</span> 
     </span>
     <span class='ocr_line' id='line_1_11' title="bbox 359 1840 2136 1916; baseline 0.005 -17"><span class='ocrx_word' id='word_1_63' title='bbox 359 1843 597 1899; x_wconf 78' lang='lat' dir='ltr'>moenia</span> <span class='ocrx_word' id='word_1_64' title='bbox 637 1841 1096 1913; x_wconf 80' lang='lat' dir='ltr'>comparabitur.</span> <span class='ocrx_word' id='word_1_65' title='bbox 1193 1841 1395 1913; x_wconf 82' lang='lat' dir='ltr'>Atque</span> <span class='ocrx_word' id='word_1_66' title='bbox 1441 1840 1601 1898; x_wconf 88' lang='lat' dir='ltr'>hunc</span> <span class='ocrx_word' id='word_1_67' title='bbox 1644 1843 1900 1916; x_wconf 88' lang='lat' dir='ltr'>quidem</span> <span class='ocrx_word' id='word_1_68' title='bbox 1947 1867 2136 1906; x_wconf 90' lang='lat' dir='ltr'>unum</span> 
     </span>
     <span class='ocr_line' id='line_1_12' title="bbox 362 1920 2136 1995; baseline 0.007 -20"><span class='ocrx_word' id='word_1_69' title='bbox 362 1920 537 1995; x_wconf 85' lang='lat' dir='ltr'>hujus</span> <span class='ocrx_word' id='word_1_70' title='bbox 578 1921 715 1977; x_wconf 87' lang='lat' dir='ltr'>belli</span> <span class='ocrx_word' id='word_1_71' title='bbox 747 1920 1061 1975; x_wconf 81' lang='lat' dir='ltr'>domestici</span> <span class='ocrx_word' id='word_1_72' title='bbox 1101 1920 1312 1975; x_wconf 88' lang='lat' dir='ltr'>ducem</span> <span class='ocrx_word' id='word_1_73' title='bbox 1359 1920 1487 1975; x_wconf 91' lang='lat' dir='ltr'>sine</span> <span class='ocrx_word' id='word_1_74' title='bbox 1533 1927 1964 1984; x_wconf 80' lang='lat' dir='ltr'>controversia</span> <span class='ocrx_word' id='word_1_75' title='bbox 1999 1930 2136 1986; x_wconf 89' lang='lat' dir='ltr'>vici·</span> 
     </span>
     <span class='ocr_line' id='line_1_13' title="bbox 258 1997 2141 2074; baseline 0.007 -20"><span class='ocrx_word' id='word_1_76' title='bbox 258 1999 331 2055; x_wconf 92' lang='lat'>10</span> <span class='ocrx_word' id='word_1_77' title='bbox 361 2018 534 2074; x_wconf 82' lang='lat' dir='ltr'>mus3</span> <span class='ocrx_word' id='word_1_78' title='bbox 596 2017 713 2055; x_wconf 90' lang='lat' dir='ltr'>non</span> <span class='ocrx_word' id='word_1_79' title='bbox 762 1999 922 2054; x_wconf 89' lang='lat' dir='ltr'>enim</span> <span class='ocrx_word' id='word_1_80' title='bbox 973 1999 1102 2070; x_wconf 83' lang='lat' dir='ltr'>jam</span> <span class='ocrx_word' id='word_1_81' title='bbox 1156 1998 1309 2053; x_wconf 89' lang='lat' dir='ltr'>inter</span> <span class='ocrx_word' id='word_1_82' title='bbox 1351 1997 1540 2054; x_wconf 79' lang='lat' dir='ltr'>latera</span> <span class='ocrx_word' id='word_1_83' title='bbox 1583 2007 1800 2059; x_wconf 82' lang='lat' dir='ltr'>nostra</span> <span class='ocrx_word' id='word_1_84' title='bbox 1852 2007 1992 2064; x_wconf 79' lang='lat' dir='ltr'>sica</span> <span class='ocrx_word' id='word_1_85' title='bbox 2036 2009 2141 2066; x_wconf 82' lang='lat' dir='ltr'>illa</span> 
     </span>
     <span class='ocr_line' id='line_1_14' title="bbox 362 2077 2139 2158; baseline 0.008 -25"><span class='ocrx_word' id='word_1_86' title='bbox 362 2080 738 2149; x_wconf 80' lang='lat' dir='ltr'>versabitur3</span> <span class='ocrx_word' id='word_1_87' title='bbox 783 2093 899 2132; x_wconf 91' lang='lat' dir='ltr'>non</span> <span class='ocrx_word' id='word_1_88' title='bbox 933 2077 990 2132; x_wconf 90' lang='lat' dir='ltr'>in</span> <span class='ocrx_word' id='word_1_89' title='bbox 1022 2094 1249 2150; x_wconf 80' lang='lat' dir='ltr'>camp0‚</span> <span class='ocrx_word' id='word_1_90' title='bbox 1283 2094 1401 2132; x_wconf 89' lang='lat' dir='ltr'>non</span> <span class='ocrx_word' id='word_1_91' title='bbox 1430 2077 1491 2133; x_wconf 92' lang='lat' dir='ltr'>in</span> <span class='ocrx_word' id='word_1_92' title='bbox 1523 2078 1669 2148; x_wconf 84' lang='lat' dir='ltr'>for0‚</span> <span class='ocrx_word' id='word_1_93' title='bbox 1698 2098 1824 2138; x_wconf 89' lang='lat' dir='ltr'>non</span> <span class='ocrx_word' id='word_1_94' title='bbox 1857 2084 1922 2141; x_wconf 88' lang='lat' dir='ltr'>in</span> <span class='ocrx_word' id='word_1_95' title='bbox 1949 2089 2139 2158; x_wconf 77' lang='lat' dir='ltr'>curia,</span> 
     </span>
     <span class='ocr_line' id='line_1_15' title="bbox 361 2154 2145 2232; baseline 0.008 -20"><span class='ocrx_word' id='word_1_96' title='bbox 361 2174 481 2213; x_wconf 88' lang='lat' dir='ltr'>non</span> <span class='ocrx_word' id='word_1_97' title='bbox 526 2158 783 2230; x_wconf 88' lang='lat' dir='ltr'>denique</span> <span class='ocrx_word' id='word_1_98' title='bbox 827 2154 984 2210; x_wconf 82' lang='lat' dir='ltr'>intra.</span> <span class='ocrx_word' id='word_1_99' title='bbox 1028 2155 1393 2211; x_wconf 83' lang='lat' dir='ltr'>domesticos</span> <span class='ocrx_word' id='word_1_100' title='bbox 1441 2156 1703 2229; x_wconf 80' lang='lat' dir='ltr'>parietes</span> <span class='ocrx_word' id='word_1_101' title='bbox 1747 2166 2145 2232; x_wconf 81' lang='lat' dir='ltr'>pertimesce-</span> 
     </span>
     <span class='ocr_line' id='line_1_16' title="bbox 358 2234 2140 2318; baseline 0.009 -28"><span class='ocrx_word' id='word_1_102' title='bbox 358 2253 527 2294; x_wconf 88' lang='lat' dir='ltr'>mus:</span> <span class='ocrx_word' id='word_1_103' title='bbox 579 2238 709 2292; x_wconf 87' lang='lat' dir='ltr'>loco</span> <span class='ocrx_word' id='word_1_104' title='bbox 740 2234 837 2288; x_wconf 92' lang='lat' dir='ltr'>ille</span> <span class='ocrx_word' id='word_1_105' title='bbox 869 2241 1069 2289; x_wconf 86' lang='lat' dir='ltr'>motus</span> <span class='ocrx_word' id='word_1_106' title='bbox 1097 2241 1207 2302; x_wconf 90' lang='lat' dir='ltr'>est,</span> <span class='ocrx_word' id='word_1_107' title='bbox 1234 2251 1370 2289; x_wconf 87' lang='lat' dir='ltr'>cum</span> <span class='ocrx_word' id='word_1_108' title='bbox 1400 2242 1496 2290; x_wconf 89' lang='lat' dir='ltr'>est</span> <span class='ocrx_word' id='word_1_109' title='bbox 1524 2253 1598 2291; x_wconf 84' lang='lat' dir='ltr'>ex</span> <span class='ocrx_word' id='word_1_110' title='bbox 1627 2238 1777 2294; x_wconf 84' lang='lat' dir='ltr'>urbe</span> <span class='ocrx_word' id='word_1_111' title='bbox 1811 2243 2140 2318; x_wconf 73' lang='lat' dir='ltr'>depulsus</span> 
     </span>
     <span class='ocr_line' id='line_1_17' title="bbox 360 2312 2147 2389; baseline 0.004 -20"><span class='ocrx_word' id='word_1_112' title='bbox 360 2314 573 2371; x_wconf 80' lang='lat' dir='ltr'>Palam</span> <span class='ocrx_word' id='word_1_113' title='bbox 631 2318 761 2389; x_wconf 80' lang='lat' dir='ltr'>J&#39;am</span> <span class='ocrx_word' id='word_1_114' title='bbox 819 2329 953 2367; x_wconf 87' lang='lat' dir='ltr'>cum</span> <span class='ocrx_word' id='word_1_115' title='bbox 1015 2312 1189 2367; x_wconf 89' lang='lat' dir='ltr'>hoste</span> <span class='ocrx_word' id='word_1_116' title='bbox 1246 2312 1410 2368; x_wconf 87' lang='lat' dir='ltr'>nullo</span> <span class='ocrx_word' id='word_1_117' title='bbox 1470 2314 1845 2387; x_wconf 88' lang='lat' dir='ltr'>impediente</span> <span class='ocrx_word' id='word_1_118' title='bbox 1907 2324 2147 2384; x_wconf 72' lang='lat' dir='ltr'>bellum</span> 
     </span>
     <span class='ocr_line' id='line_1_18' title="bbox 255 2390 2150 2469; baseline 0.012 -28"><span class='ocrx_word' id='word_1_119' title='bbox 255 2394 326 2449; x_wconf 87' lang='lat'>15</span> <span class='ocrx_word' id='word_1_120' title='bbox 358 2392 661 2469; x_wconf 74' lang='lat' dir='ltr'>[Justum]</span> <span class='ocrx_word' id='word_1_121' title='bbox 711 2407 1005 2464; x_wconf 79' lang='lat' dir='ltr'>geremus,</span> <span class='ocrx_word' id='word_1_122' title='bbox 1094 2390 1235 2446; x_wconf 84' lang='lat' dir='ltr'>Sine</span> <span class='ocrx_word' id='word_1_123' title='bbox 1282 2391 1464 2447; x_wconf 88' lang='lat' dir='ltr'>dubio</span> <span class='ocrx_word' id='word_1_124' title='bbox 1507 2394 1896 2465; x_wconf 83' lang='lat' dir='ltr'>perdidimus</span> <span class='ocrx_word' id='word_1_125' title='bbox 1950 2403 2150 2463; x_wconf 89' lang='lat' dir='ltr'>homi—</span> 
     </span>
     <span class='ocr_line' id='line_1_19' title="bbox 356 2468 2150 2544; baseline 0.01 -17"><span class='ocrx_word' id='word_1_126' title='bbox 356 2489 491 2527; x_wconf 89' lang='lat' dir='ltr'>nem</span> <span class='ocrx_word' id='word_1_127' title='bbox 545 2469 981 2544; x_wconf 81' lang='lat' dir='ltr'>magnificeque</span> <span class='ocrx_word' id='word_1_128' title='bbox 1034 2468 1304 2536; x_wconf 88' lang='lat' dir='ltr'>vicimus,</span> <span class='ocrx_word' id='word_1_129' title='bbox 1342 2488 1476 2525; x_wconf 89' lang='lat' dir='ltr'>cum</span> <span class='ocrx_word' id='word_1_130' title='bbox 1528 2471 1698 2528; x_wconf 91' lang='lat' dir='ltr'>illum</span> <span class='ocrx_word' id='word_1_131' title='bbox 1750 2493 1830 2533; x_wconf 88' lang='lat' dir='ltr'>ex</span> <span class='ocrx_word' id='word_1_132' title='bbox 1876 2486 2150 2544; x_wconf 84' lang='lat' dir='ltr'>occultis</span> 
     </span>
     <span class='ocr_line' id='line_1_20' title="bbox 356 2547 2151 2636; baseline 0.006 -31"><span class='ocrx_word' id='word_1_133' title='bbox 356 2550 598 2608; x_wconf 84' lang='lat' dir='ltr'>insidiis</span> <span class='ocrx_word' id='word_1_134' title='bbox 644 2552 703 2606; x_wconf 90' lang='lat' dir='ltr'>in</span> <span class='ocrx_word' id='word_1_135' title='bbox 736 2557 1009 2620; x_wconf 80' lang='lat' dir='ltr'>apertum</span> <span class='ocrx_word' id='word_1_136' title='bbox 1054 2547 1436 2603; x_wconf 81' lang='lat' dir='ltr'>latrocinium</span> <span class='ocrx_word' id='word_1_137' title='bbox 1468 2552 1856 2622; x_wconf 79' lang='lat' dir='ltr'>conjecimus,</span> <span class='ocrx_word' id='word_1_138' title='bbox 1957 2564 2151 2636; x_wconf 81' lang='lat' dir='ltr'>Quod</span> 
     </span>
     <span class='ocr_line' id='line_1_21' title="bbox 355 2631 2132 2703; baseline 0.005 -19"><span class='ocrx_word' id='word_1_139' title='bbox 355 2647 498 2685; x_wconf 86' lang='lat' dir='ltr'>vero</span> <span class='ocrx_word' id='word_1_140' title='bbox 555 2648 674 2686; x_wconf 91' lang='lat' dir='ltr'>non</span> <span class='ocrx_word' id='word_1_141' title='bbox 726 2633 1039 2683; x_wconf 87' lang='lat' dir='ltr'>cruentum</span> <span class='ocrx_word' id='word_1_142' title='bbox 1092 2642 1453 2696; x_wconf 85' lang='lat' dir='ltr'>mucronem,</span> <span class='ocrx_word' id='word_1_143' title='bbox 1503 2635 1571 2683; x_wconf 88' lang='lat' dir='ltr'>ut</span> <span class='ocrx_word' id='word_1_144' title='bbox 1624 2631 1839 2703; x_wconf 88' lang='lat' dir='ltr'>voluit,</span> <span class='ocrx_word' id='word_1_145' title='bbox 1889 2646 2132 2703; x_wconf 69' lang='lat' dir='ltr'>extulit,</span> 
     </span>
     <span class='ocr_line' id='line_1_22' title="bbox 353 2693 2155 2783; baseline 0.012 -21"><span class='ocrx_word' id='word_1_146' title='bbox 353 2710 513 2781; x_wconf 89' lang='lat' dir='ltr'>quod</span> <span class='ocrx_word' id='word_1_147' title='bbox 539 2709 698 2765; x_wconf 87' lang='lat' dir='ltr'>vivis</span> <span class='ocrx_word' id='word_1_148' title='bbox 724 2704 898 2760; x_wconf 86' lang='lat' dir='ltr'>nobis</span> <span class='ocrx_word' id='word_1_149' title='bbox 919 2720 1203 2775; x_wconf 81' lang='lat' dir='ltr'>egressus</span> <span class='ocrx_word' id='word_1_150' title='bbox 1226 2712 1336 2773; x_wconf 88' lang='lat' dir='ltr'>est,</span> <span class='ocrx_word' id='word_1_151' title='bbox 1362 2706 1522 2778; x_wconf 90' lang='lat' dir='ltr'>quod</span> <span class='ocrx_word' id='word_1_152' title='bbox 1546 2706 1599 2762; x_wconf 89' lang='lat' dir='ltr'>ei</span> <span class='ocrx_word' id='word_1_153' title='bbox 1627 2707 1858 2770; x_wconf 88' lang='lat' dir='ltr'>ferrum</span> <span class='ocrx_word' id='word_1_154' title='bbox 1884 2735 1920 2773; x_wconf 89' lang='lat' dir='ltr'>e</span> <span class='ocrx_word' id='word_1_155' title='bbox 1947 2693 2155 2783; x_wconf 49' lang='lat' dir='ltr'>mani:</span> 
     </span>
     <span class='ocr_line' id='line_1_23' title="bbox 248 2780 2153 2863; baseline 0.01 -27"><span class='ocrx_word' id='word_1_156' title='bbox 248 2785 324 2842; x_wconf 79' lang='lat'>20</span> <span class='ocrx_word' id='word_1_157' title='bbox 354 2786 467 2842; x_wconf 78' lang='lat' dir='ltr'>bus</span> <span class='ocrx_word' id='word_1_158' title='bbox 494 2786 876 2848; x_wconf 80' lang='lat' dir='ltr'>extorsimus,</span> <span class='ocrx_word' id='word_1_159' title='bbox 903 2781 1062 2853; x_wconf 89' lang='lat' dir='ltr'>quod</span> <span class='ocrx_word' id='word_1_160' title='bbox 1095 2780 1424 2862; x_wconf 78' lang='lat' dir='ltr'>incolumes</span> <span class='ocrx_word' id='word_1_161' title='bbox 1448 2784 1626 2854; x_wconf 61' lang='grc' dir='ltr'>οἰνος,</span> <span class='ocrx_word' id='word_1_162' title='bbox 1654 2792 1820 2860; x_wconf 91' lang='lat' dir='ltr'>quod</span> <span class='ocrx_word' id='word_1_163' title='bbox 1856 2805 2153 2863; x_wconf 79' lang='lat' dir='ltr'>stantem</span> 
     </span>
     <span class='ocr_line' id='line_1_24' title="bbox 353 2861 2153 2942; baseline 0.014 -35"><span class='ocrx_word' id='word_1_164' title='bbox 353 2867 560 2921; x_wconf 65' lang='lat' dir='ltr'>urbem</span> <span class='ocrx_word' id='word_1_165' title='bbox 602 2861 858 2934; x_wconf 70' lang='lat' dir='ltr'>reliquit,</span> <span class='ocrx_word' id='word_1_166' title='bbox 891 2867 1120 2931; x_wconf 82' lang='lat' dir='ltr'>quanto</span> <span class='ocrx_word' id='word_1_167' title='bbox 1161 2861 1404 2915; x_wconf 82' lang='lat' dir='ltr'>tandem</span> <span class='ocrx_word' id='word_1_168' title='bbox 1453 2861 1617 2917; x_wconf 86' lang='lat' dir='ltr'>illum</span> <span class='ocrx_word' id='word_1_169' title='bbox 1665 2883 1954 2933; x_wconf 77' lang='lat' dir='ltr'>maerore</span> <span class='ocrx_word' id='word_1_170' title='bbox 2002 2900 2153 2942; x_wconf 71' lang='lat' dir='ltr'>esse</span> 
     </span>
     <span class='ocr_line' id='line_1_25' title="bbox 352 2937 2155 3022; baseline 0.008 -26"><span class='ocrx_word' id='word_1_171' title='bbox 352 2943 634 2999; x_wconf 83' lang='lat' dir='ltr'>afflictum</span> <span class='ocrx_word' id='word_1_172' title='bbox 683 2948 745 2995; x_wconf 86' lang='lat' dir='ltr'>et</span> <span class='ocrx_word' id='word_1_173' title='bbox 789 2937 1168 3011; x_wconf 78' lang='lat' dir='ltr'>profligatum</span> <span class='ocrx_word' id='word_1_174' title='bbox 1217 2937 1483 3008; x_wconf 80' lang='lat' dir='ltr'>putatis?</span> <span class='ocrx_word' id='word_1_175' title='bbox 1574 2942 1760 3002; x_wconf 67' lang='lat' dir='ltr'>‚Jacet</span> <span class='ocrx_word' id='word_1_176' title='bbox 1817 2950 1923 3010; x_wconf 86' lang='lat' dir='ltr'>ille</span> <span class='ocrx_word' id='word_1_177' title='bbox 1977 2977 2155 3022; x_wconf 70' lang='lat' dir='ltr'>nunc</span> 
     </span>
     <span class='ocr_line' id='line_1_26' title="bbox 353 3017 2155 3107; baseline 0.004 -31"><span class='ocrx_word' id='word_1_178' title='bbox 353 3030 813 3092; x_wconf 71' lang='lat' dir='ltr'>prostratusque</span> <span class='ocrx_word' id='word_1_179' title='bbox 857 3023 952 3069; x_wconf 83' lang='lat' dir='ltr'>cst</span> <span class='ocrx_word' id='word_1_180' title='bbox 979 3024 1041 3069; x_wconf 86' lang='lat' dir='ltr'>et</span> <span class='ocrx_word' id='word_1_181' title='bbox 1085 3031 1150 3069; x_wconf 89' lang='lat' dir='ltr'>se</span> <span class='ocrx_word' id='word_1_182' title='bbox 1202 3017 1536 3087; x_wconf 87' lang='lat' dir='ltr'>perculsum</span> <span class='ocrx_word' id='word_1_183' title='bbox 1586 3029 2155 3107; x_wconf 65' lang='lat' dir='ltr'>atque-abjectum</span> 
     </span>
     <span class='ocr_line' id='line_1_27' title="bbox 349 3094 2155 3190; baseline 0.004 -40"><span class='ocrx_word' id='word_1_184' title='bbox 349 3115 481 3153; x_wconf 79' lang='lat' dir='ltr'>esse</span> <span class='ocrx_word' id='word_1_185' title='bbox 533 3098 718 3153; x_wconf 85' lang='lat' dir='ltr'>sentit</span> <span class='ocrx_word' id='word_1_186' title='bbox 763 3099 826 3148; x_wconf 87' lang='lat' dir='ltr'>et</span> <span class='ocrx_word' id='word_1_187' title='bbox 871 3099 1175 3163; x_wconf 82' lang='lat' dir='ltr'>retorquet</span> <span class='ocrx_word' id='word_1_188' title='bbox 1219 3094 1424 3149; x_wconf 89' lang='lat' dir='ltr'>oculos</span> <span class='ocrx_word' id='word_1_189' title='bbox 1486 3099 1754 3168; x_wconf 85' lang='lat' dir='ltr'>profecto</span> <span class='ocrx_word' id='word_1_190' title='bbox 1814 3124 2018 3190; x_wconf 68' lang='lat' dir='ltr'>saepe</span> <span class='ocrx_word' id='word_1_191' title='bbox 2072 3125 2155 3182; x_wconf 67' lang='lat' dir='ltr'>ad</span> 
     </span>
     <span class='ocr_line' id='line_1_28' title="bbox 247 3167 2156 3261; baseline 0.019 -48"><span class='ocrx_word' id='word_1_192' title='bbox 247 3169 321 3224; x_wconf 73' lang='lat'>25</span> <span class='ocrx_word' id='word_1_193' title='bbox 355 3172 508 3229; x_wconf 69' lang='lat' dir='ltr'>hanc</span> <span class='ocrx_word' id='word_1_194' title='bbox 566 3175 793 3237; x_wconf 69' lang='lat' dir='ltr'>urbem,</span> <span class='ocrx_word' id='word_1_195' title='bbox 839 3167 1017 3240; x_wconf 79' lang='lat' dir='ltr'>qua‘hi</span> <span class='ocrx_word' id='word_1_196' title='bbox 1068 3187 1099 3224; x_wconf 90' lang='lat' dir='ltr'>e</span> <span class='ocrx_word' id='word_1_197' title='bbox 1158 3170 1286 3224; x_wconf 91' lang='lat' dir='ltr'>suis</span> <span class='ocrx_word' id='word_1_198' title='bbox 1343 3173 1616 3245; x_wconf 78' lang='lat' dir='ltr'>saucibus</span> <span class='ocrx_word' id='word_1_199' title='bbox 1658 3192 1952 3257; x_wconf 78' lang='lat' dir='ltr'>ereptam</span> <span class='ocrx_word' id='word_1_200' title='bbox 2003 3218 2156 3261; x_wconf 63' lang='lat' dir='ltr'>esso</span> 
     </span>
    </p>
   </div>
   <div class='ocr_carea' id='block_1_5' title="bbox 352 3246 2161 3402">
    <p class='ocr_par' dir='ltr' id='par_1_7' title="bbox 352 3246 2161 3402">
     <span class='ocr_line' id='line_1_29' title="bbox 352 3246 2161 3340; baseline 0.013 -44"><span class='ocrx_word' id='word_1_201' title='bbox 352 3247 553 3318; x_wconf 74' lang='lat' dir='ltr'>luget:</span> <span class='ocrx_word' id='word_1_202' title='bbox 598 3266 751 3321; x_wconf 82' lang='lat' dir='ltr'>quae</span> <span class='ocrx_word' id='word_1_203' title='bbox 782 3246 1023 3317; x_wconf 86' lang='lat' dir='ltr'>quidem</span> <span class='ocrx_word' id='word_1_204' title='bbox 1054 3246 1202 3332; x_wconf 77' lang='lat' dir='ltr'>mihi</span> <span class='ocrx_word' id='word_1_205' title='bbox 1246 3247 1456 3305; x_wconf 81' lang='lat' dir='ltr'>laetari</span> <span class='ocrx_word' id='word_1_206' title='bbox 1491 3253 1959 3337; x_wconf 67' lang='lat' dir='ltr'>videtur„,qu0d</span> <span class='ocrx_word' id='word_1_207' title='bbox 2014 3285 2161 3340; x_wconf 65' lang='lat' dir='ltr'>tan,</span> 
     </span>
     <span class='ocr_line' id='line_1_30' title="bbox 352 3323 1765 3402; baseline 0.008 -29"><span class='ocrx_word' id='word_1_208' title='bbox 352 3327 478 3376; x_wconf 69' lang='lat' dir='ltr'>tam</span> <span class='ocrx_word' id='word_1_209' title='bbox 509 3335 738 3396; x_wconf 86' lang='lat' dir='ltr'>pestem</span> <span class='ocrx_word' id='word_1_210' title='bbox 770 3330 1102 3376; x_wconf 82' lang='lat' dir='ltr'>evomuerit</span> <span class='ocrx_word' id='word_1_211' title='bbox 1131 3323 1403 3397; x_wconf 85' lang='lat' dir='ltr'>forasque</span> <span class='ocrx_word' id='word_1_212' title='bbox 1434 3333 1765 3402; x_wconf 75' lang='lat' dir='ltr'>projecerit,</span> 
     </span>
    </p>
   </div>
   <div class='ocr_carea' id='block_1_6' title="bbox 2182 0 2281 1650">
    <p class='ocr_par' dir='ltr' id='par_1_8' title="bbox 2182 0 2281 1650">
     <span class='ocr_line' id='line_1_31' title="bbox 2182 0 2281 1650; baseline 0 0"><span class='ocrx_word' id='word_1_213' title='bbox 2182 0 2281 1650; x_wconf 95' lang='lat' dir='ltr'> </span> 
     </span>
    </p>
   </div>
   <div class='ocr_carea' id='block_1_7' title="bbox 2241 1655 2278 2246">
    <p class='ocr_par' dir='ltr' id='par_1_9' title="bbox 2231 1611 2278 2246">
     <span class='ocr_line' id='line_1_32' title="bbox 2241 1655 2278 2246; baseline 0 0"><span class='ocrx_word' id='word_1_214' title='bbox 2241 1655 2278 2246; x_wconf 64' lang='grc' dir='ltr'>ἱ</span> 
     </span>
    </p>
   </div>
  </div>
 </body>
</html>
