2284 3717
470 161 617 208 PRo
667 160 729 207 Τ.
761 159 1001 209 Ammo
1050 161 1347 209 innon-n
1396 162 1698 209 onnrlo.
1893 147 2017 214 123

157 322 414 386 nantem,
436 318 567 391 jam
603 317 905 373 irretitam
931 323 1183 389 teneret,
1218 319 1321 393 qui
1362 319 1547 386 locus,
1578 318 1738 393 quod
1767 324 1914 375 tem·

157 413 264 468 pus
291 397 458 466 illud,
490 398 551 454 di
580 397 972 465 immortaleS,
1006 397 1149 455 fuit!
1237 398 1390 456 Cum
1434 417 1499 455 se
1541 399 1639 454 ille
1671 398 1912 471 fugiens

159 474 216 530 in
244 477 544 532 scalarum
566 476 833 532 tenebris
863 477 1212 544 abdidisset,
1238 495 1524 550 magnum
1549 477 1760 533 Miloni
1795 478 1911 534 fuit

156 555 435 611 conficere
468 556 661 626 „illam
705 563 936 628 pestem
979 556 1147 613 nulla
1202 573 1312 611 sua
1354 557 1599 622 invidia,
1647 556 1730 613 M.
1769 574 1911 613 vero

157 633 404 692 Antonii
436 635 705 690 maxima
734 633 970 707 gloria?
1029 636 1189 707 Quid
1215 633 1239 691 ⁴?
1300 635 1579 693 Comitiis
1609 636 1668 691 in
1697 653 1910 710 campo
1979 637 2016 693 5

156 714 387 784 quoties
429 720 707 786 potestas
736 712 896 770 fuit?
983 714 1135 771 Cum
1170 714 1269 770 ille
1308 714 1368 770 in
1413 720 1628 788 saepta
1669 715 1909 785 ruisset,

155 790 387 863 gladios
416 793 903 865 destringendOS,
934 793 1167 866 lapides
1197 793 1516 867 jaciendos
1559 794 1909 863 curavisset,

155 870 288 927 dein
317 872 524 929 subito
555 872 732 929 vultu
761 872 1012 929 Milonis
1054 873 1408 947 perterritus
1443 873 1681 946 fugeret
1712 872 1786 928 ad
1818 873 1914 929 Ti-

154 947 352 1018 berim,
386 968 500 1007 vos
544 957 608 1007 et
650 968 859 1007 omnes
900 952 1041 1008 boni
1071 959 1220 1009 vota
1256 952 1551 1023 faceretiS,
1583 958 1651 1008 ut
1691 952 1910 1009 Miloni

154 1028 239 1084 uti
269 1031 500 1086 virtute
536 1048 650 1087 sua
678 1030 904 1088 liberet.
1943 1031 2018 1087 10

232 1110 320 1166 16.
368 1111 565 1181 Quem
595 1110 790 1182 igitur
816 1127 953 1167 cum
982 1110 1254 1166 omnium
1281 1110 1483 1185 gratia
1509 1110 1720 1180 noluit,
1747 1110 1907 1168 huno

153 1186 343 1243 voluit
377 1206 518 1245 cum
559 1189 904 1262 aliquorum
947 1188 1234 1264 querela?
1319 1190 1513 1262 Quem
1548 1191 1700 1263 jure,
1731 1208 1910 1264 quem

152 1264 292 1335 loco,
336 1286 521 1342 quem
564 1273 853 1342 tempore,
893 1286 1071 1342 quem
1113 1269 1361 1342 impune
1405 1287 1524 1325 non
1566 1276 1662 1325 est
1705 1286 1907 1340 ausuS,

155 1342 307 1402 hunc
348 1347 590 1420 injuria,
636 1347 843 1421 iniquo
883 1346 1032 1416 loco,
1076 1348 1273 1404 alieno
1316 1354 1600 1423 tempore,
1643 1348 1911 1422 periculo

154 1426 363 1499 capitis
392 1443 517 1482 non
540 1426 848 1483 dubitavit
876 1425 1191 1484 occidere?
1251 1426 1638 1495 Praesertim,
1653 1428 1905 1500 judiceS,
1940 1425 2013 1481 15

156 1520 282 1559 cum
308 1504 556 1561 honoris
580 1506 938 1579 amplissimi
964 1508 1269 1563 contentio
1293 1513 1355 1562 et
1375 1507 1502 1563 dies
1525 1506 1910 1563 comitiorum

155 1583 444 1653 subesset,
477 1602 596 1659 quo
625 1585 868 1659 quidem
911 1593 1177 1660 tempore
1222 1586 1376 1655 (scio
1417 1586 1580 1642 enim
1611 1602 1795 1659 quam
1836 1586 1908 1642 ti·

154 1662 314 1718 mida
368 1664 454 1720 sit
505 1664 757 1720 ambitio
805 1671 1154 1739 quantaque
1198 1672 1261 1722 et
1301 1683 1483 1739 quam
1527 1664 1786 1721 sollicita
1828 1664 1910 1721 sit

155 1743 454 1814 cupiditas
491 1743 891 1818 consulatus),
924 1745 1146 1813 omnia,
1178 1762 1298 1800 non
1330 1745 1507 1800 modo
1537 1762 1687 1817 quae
1717 1761 1910 1818 repre·

157 1818 328 1877 hendi
371 1822 595 1897 palam,
629 1823 735 1879 sed
773 1824 958 1879 etiam
1001 1825 1251 1880 obscure
1282 1841 1434 1896 quae
1477 1824 1732 1896 cogitari
1773 1841 1909 1896 pos·
1937 1822 2012 1878 20

158 1906 308 1969 sunt,
332 1902 641 1970 timemuS,
668 1919 988 1971 rumorem,
1015 1902 1281 1958 fabulam
1313 1902 1529 1972 fictam,
1562 1903 1753 1959 levem
1783 1919 1910 1976 per·

158 1976 571 2049 horrescimuS,
617 1999 722 2037 ora
771 1982 1036 2037 omnium
1086 1988 1270 2057 atque
1320 1982 1525 2037 oculos
1585 1982 1901 2038 intuemur.

157 2055 320 2118 Nihil
367 2065 466 2116 est
510 2060 669 2115 enim
713 2067 839 2117 tam
889 2060 1083 2131 molle,
1126 2067 1252 2117 tam
1303 2067 1594 2129 tenerum,
1636 2068 1762 2116 tam
1804 2066 1910 2116 aut

158 2136 362 2211 fragile
416 2144 524 2195 aut
573 2138 830 2196 flexibile
879 2157 1061 2214 quam
1106 2140 1391 2196 voluntas
1438 2156 1585 2212 erga
1623 2157 1736 2196 nos
1779 2156 1909 2195 sen-

160 2232 373 2292 susque
405 2218 649 2287 civium‚
677 2219 776 2292 qui
805 2236 926 2275 non
951 2219 1129 2276 modo
1159 2219 1536 2292 improbitati
1565 2219 1908 2276 irascuntur
1937 2217 2010 2274 25

161 2297 630 2367 candidatorum,
665 2298 771 2354 sed
807 2298 992 2354 etiam
1034 2298 1095 2355 in
1126 2305 1286 2354 recte
1317 2298 1492 2355 factis
1535 2315 1714 2372 saepe
1744 2297 1910 2355 fasti-

161 2373 339 2434 diunt.
429 2376 615 2433 Hunc
643 2376 830 2450 igitur
857 2378 1015 2433 diem
1046 2378 1242 2451 campi
1272 2383 1579 2452 speratum
1611 2384 1789 2452 atque
1812 2390 1936 2434 ex-·

161 2461 425 2527 optatum
460 2456 575 2512 sibi
606 2473 945 2530 proponens
975 2456 1146 2526 Milo,
1179 2458 1443 2513 cruentis
1481 2456 1761 2513 manibus
1791 2474 1911 2513 sce·

161 2530 250 2589 lus
303 2541 365 2591 et
408 2534 645 2590 facinus
693 2553 831 2609 prae
882 2554 946 2592 se
990 2536 1187 2592 ferens
1234 2541 1297 2592 et
1345 2535 1633 2593 confitens
1683 2537 1758 2594 ad
1806 2535 1912 2592 illa

165 2620 426 2686 augusta
454 2614 859 2670 centuriarum
891 2615 1165 2688 auspicia
1186 2612 1509 2689 veniebat?
1568 2615 1766 2687 Quam
1798 2615 1910 2673 hoo
1938 2614 2016 2671 30

163 2706 274 2748 non
303 2693 592 2750 credibile
623 2694 687 2749 in
717 2693 860 2751 hocl
906 2712 1087 2768 quam
1118 2694 1279 2750 idem
1325 2695 1387 2749 in
1418 2693 1630 2751 Clodio
1659 2712 1776 2751 non
1808 2695 1912 2751 du·

164 2768 495 2843 bitandum,
527 2790 664 2828 cum
695 2790 757 2828 se
785 2773 1227 2830 ille·interfecto
1265 2773 1492 2829 Milone
1523 2780 1912 2847 regnaturum

163 2851 428 2923 putaret!
520 2850 724 2923 Quid?
812 2853 987 2924 Quod
1037 2859 1219 2926 caput
1266 2860 1361 2909 est
1409 2851 1780 2929 [audaciae]
1823 2854 1918 2927 ju·

165 2929 334 2994 dices,
377 2930 515 3005 quis
562 2931 802 3004 ignorat
849 2933 1178 2988 maximam
1219 2932 1557 2988 illecebram
1603 2950 1734 2988 esse
1786 2949 1914 3005 pec-

169 3010 325 3066 candi
361 3010 746 3084 impunitatis
776 3009 991 3084 spem?
1077 3009 1151 3066 In
1189 3017 1323 3067 utro
1365 3011 1553 3084 igitur
1584 3010 1729 3067 haec
1756 3008 1913 3066 fuit?
1945 3008 2018 3066 35

169 3085 238 3143 In
284 3088 528 3154 Milone,
563 3090 667 3163 qui
711 3091 896 3146 etiam
939 3108 1096 3146 nunc
1137 3107 1277 3146 reus
1311 3098 1405 3147 est
1433 3090 1575 3147 facti
1621 3095 1725 3146 aut
1752 3106 1918 3161 prae-

170 3166 305 3223 clari
352 3176 458 3225 aut
499 3177 659 3225 certe
702 3169 1043 3237 necessarii,
1078 3187 1156 3225 an
1198 3171 1261 3225 in
1305 3170 1535 3238 Clodio,
1569 3169 1668 3244 qui
1711 3169 1797 3222 ita
1829 3168 1920 3240 ju-

171 3245 320 3303 dicia
371 3266 750 3323 poenamque
801 3254 1264 3323 contempserat,
1315 3254 1385 3304 ut
1439 3265 1575 3304 eum
1625 3246 1774 3301 nihil
1825 3246 1923 3300 de·

170 3322 408 3385 lactaret
432 3328 596 3402 quod
627 3332 736 3384 aut
755 3344 860 3403 per
885 3333 1162 3384 naturam
1183 3326 1273 3383 fas
1302 3330 1465 3383 esset
1487 3329 1592 3380 aut
1618 3339 1726 3396 per
1753 3321 1920 3395 leges
