2284 3717
695 684 792 757 M.
845 685 1164 756 TULLn
1222 686 1721 757 CICERONIS

347 895 549 988 PRO
630 897 716 988 Τ.
776 897 1116 987 ANNIO
1182 896 1586 987 MILONE
1655 898 2071 989 ORATIO.

465 1268 514 1323 1.
562 1264 718 1324 ETSI
740 1285 964 1339 vereor,
987 1268 1239 1342 judiceS,
1261 1285 1336 1326 ne
1358 1272 1532 1343 turpe
1563 1268 1645 1325 sit
1672 1285 1785 1342 pro
1809 1268 2146 1327 fortissimo

379 1345 510 1402 viro
561 1345 757 1404 dicere
807 1347 1191 1421 incipientem
1240 1348 1454 1405 timere
1503 1347 1868 1422 minimeque
1914 1350 2142 1419 deceat,

381 1441 517 1481 cum
569 1424 636 1483 Τ.
682 1426 926 1484 Annius
969 1427 1100 1501 ipse
1142 1428 1343 1501 magis
1385 1427 1459 1484 de
1502 1427 1590 1484 rei
1629 1427 1906 1500 publicae
1951 1430 2145 1486 salute

381 1522 565 1579 quam
597 1505 670 1562 de
701 1523 811 1561 sua
837 1508 1240 1581 perturbetur,
1266 1524 1361 1564 me
1392 1507 1470 1564 ad
1498 1508 1627 1580 ejus
1655 1524 1908 1564 causam
1939 1526 2145 1588 pag-em

313 1586 349 1641 5
381 1584 566 1641 animi
597 1585 1080 1658 magnitudinem
1111 1587 1342 1644 adferre
1373 1604 1493 1644 non
1521 1604 1717 1661 posse.
1750 1592 1958 1644 tamen
1997 1587 2143 1645 haec

381 1665 525 1719 novi
546 1665 757 1736 judicii
779 1683 937 1721 nova
960 1666 1153 1723 forma
1181 1671 1368 1723 terret
1389 1666 1610 1734 oculoS,
1636 1666 1737 1740 qui
1766 1685 2144 1743 quocumque

380 1741 734 1813 inciderunt,
767 1746 1267 1803 consuetudinem
1307 1745 1418 1803 fori
1459 1752 1522 1802 et
1565 1745 1889 1819 pristinum
1918 1764 2143 1804 morem

387 1822 750 1896 judiciorum
781 1825 1104 1899 requirunt.
1192 1824 1333 1882 Non
1374 1826 1535 1881 enim
1574 1842 1795 1882 corona
1823 1843 2143 1884 consessus

380 1909 582 1959 vester
604 1904 837 1960 cinctus
861 1911 969 1971 est,
996 1911 1064 1961 ut
1093 1904 1365 1978 solebat3
1398 1922 1518 1961 non
1546 1905 1777 1961 usitata
1806 1905 2143 1980 frequentia

278 1981 349 2037 10
378 1979 589 2057 'stipati
623 2001 868 2055 sumus3
912 2001 1032 2040 non
1076 1984 1181 2041 illa
1222 1985 1544 2058 praesidia,
1575 2002 1729 2059 quae
1758 2002 1868 2059 pro
1899 1986 2142 2060 templis

380 2063 661 2118 omnibus
692 2063 952 2132 cernitiS,
978 2064 1096 2120 etsi
1126 2073 1332 2120 contra
1355 2064 1477 2119 vim
1511 2064 1807 2120 collocata
1835 2071 1999 2134 sunt,
2027 2082 2140 2122 non

382 2142 664 2198 adferunt
692 2148 894 2199 tamen
927 2144 1151 2200 oratori
1183 2143 1423 2219 aliquid,
1457 2150 1526 2199 ut
1553 2144 1615 2199 in
1646 2143 1772 2199 foro
1801 2150 1864 2200 et
1894 2145 1957 2200 in
1990 2145 2142 2219 judi·

383 2221 490 2291 cio,
522 2239 883 2297 quamquam
926 2222 1247 2297 praesidiis
1292 2222 1662 2280 salutaribus
1691 2228 1753 2279 et
1787 2225 2140 2281 necessariis

383 2301 579 2375 saepti
609 2319 834 2371 sumuS,
866 2306 1072 2359 tamen
1102 2321 1177 2359 ne
1206 2321 1327 2359 non
1355 2302 1567 2359 timere
1597 2302 1838 2376 quidem
1871 2303 2003 2361 sine
2045 2303 2142 2360 ali-

279 2378 349 2435 15
384 2399 504 2456 quo
534 2381 745 2438 timore
774 2382 1114 2455 possimus:
1158 2400 1311 2457 quae
1341 2382 1392 2439 si
1422 2382 1703 2456 opposita
1730 2380 1949 2440 Miloni
1978 2389 2142 2459 putae

381 2478 528 2530 rem,
554 2462 824 2518 cederem
856 2462 1131 2535 tempori,
1156 2462 1407 2535 judices
1433 2479 1542 2519 nec
1572 2462 1728 2518 inter
1754 2466 1996 2519 tantam
2022 2463 2140 2519 vim

382 2558 687 2597 armorum
715 2540 1127 2597 existimarem
1171 2559 1305 2598 esse
1350 2541 1573 2598 oratori
1616 2542 1853 2599 locum:
1899 2543 2009 2600 sed
2050 2559 2140 2599 me

383 2626 615 2677 recreat
639 2626 700 2677 et
727 2619 914 2682 reficit
939 2620 1046 2677 Cn.
1076 2621 1371 2696 Pompeii,
1401 2619 1834 2694 sapientissimi
1857 2626 1921 2679 et
1938 2622 2143 2696 Justis-

383 2698 520 2756 simi
549 2699 681 2771 viri,
715 2699 1048 2770 consilium,
1082 2700 1185 2774 qui
1226 2701 1494 2775 profecto
1533 2718 1642 2757 nec
1675 2699 1955 2772 justitiae
2002 2718 2141 2758 suae

276 2776 351 2833 20
382 2783 626 2853 putaret
653 2796 804 2848 esse,
831 2797 1009 2853 quem
1030 2797 1198 2835 reum
1225 2779 1543 2836 sententiis
1563 2779 1832 2854 judicum
1864 2781 2141 2838 tradidis-

381 2864 492 2929 set,
546 2857 801 2914 eundem
853 2858 990 2915 telis
1036 2859 1300 2916 militum
1350 2859 1583 2929 dedere,
1628 2876 1736 2915 nec
1785 2859 2138 2932 sapientiae,

380 2937 785 2993 temeritatem
826 2938 1160 2994 concitatae
1203 2938 1613 2995 multitudinis
1652 2938 2016 2997 auctoritate
2045 2958 2144 3016 pu·

385 3017 538 3073 blica
582 3032 828 3072 armare.
917 3017 1323 3087 Quamobrem
1369 3018 1473 3074 illa
1516 3035 1698 3082 arma,
1740 3021 2138 3089 centurioncS,

382 3095 660 3151 cohortes
703 3111 822 3148 non
864 3095 1194 3166 periculum
1239 3097 1431 3166 nobiS,
1478 3097 1583 3153 sed
1632 3097 2009 3172 praesidium
2053 3100 2142 3156 de·

277 3172 349 3226 25
381 3170 685 3235 nuntiant,
719 3186 907 3241 neque
938 3173 1131 3227 solum
1164 3181 1232 3229 ut
1260 3175 1480 3247 quiem,
1513 3176 1619 3232 sed
1660 3175 1850 3232 etiam
1879 3184 1953 3234 ut
1982 3197 2142 3252 mag·

380 3263 458 3301 no
513 3246 712 3301 animo
763 3246 952 3302 simus
1000 3248 1333 3321 hortantur,
1380 3269 1572 3327 neque
1619 3253 1911 3312 auxilium
1964 3259 2139 3315 modo

383 3321 720 3376 defensioni
756 3338 942 3391 meae,
975 3341 1181 3381 verum
1213 3329 1399 3385 etiam
1429 3331 1732 3389 silentium
1762 3333 2137 3457 plojllicentur.

1854 3410 1886 3459 8

2263 1839 2266 1940 4

2253 2275 2265 2556 2
