2284 3717
452 119 598 165 Pno
648 119 711 167 r.
760 117 1004 166 ANNIO
1057 118 1350 166 innomi
1400 117 1702 164 ORATIO.
1888 104 2008 166 111

127 276 237 333 tiis
268 293 396 332 non
427 276 629 333 solum
658 275 881 347 divina,
904 276 1012 333 sed
1038 276 1224 333 etiam
1254 273 1734 349 sapientissimae
1758 276 1906 332 deae

132 356 450 412 sententia
478 356 821 414 liberatum.
882 356 1057 429 Quod
1088 355 1138 412 si
1169 356 1483 412 duodecim
1507 355 1751 412 tabulae
1776 373 1908 412 noc-

130 442 394 491 turnum
425 436 623 492 furem
654 453 895 510 quoquo
937 436 1134 505 modo,
1166 436 1445 492 diurnum
1492 443 1710 504 autem,
1743 436 1795 491 si
1840 452 1904 491 se

131 515 259 571 telo
291 515 668 584 defenderet,
700 515 948 571 interfici
991 515 1231 590 impune
1266 514 1599 583 voluerunt,
1631 515 1767 589 quis
1811 520 1906 572 est

133 595 257 669 qui,
293 613 544 670 quoquo
588 595 769 651 modo
813 595 949 668 quis
990 594 1339 651 interfectus
1390 596 1486 663 sit,
1531 594 1902 667 puniendum
1974 594 2010 650 5

131 680 332 749 putet,
361 693 499 732 cum
525 675 734 731 videat
764 675 1086 748 aliquando
1109 674 1382 747 gladium
1408 674 1580 730 nobis
1611 674 1689 731 ad
1721 673 1908 730 homi-

133 771 279 810 nem
313 755 710 811 occidendum
747 755 823 811 ab
853 755 999 829 ipsis
1027 754 1254 828 porrigi
1284 751 1567 828 legibus?

217 837 273 891 4.
325 835 527 909 Atqui
571 835 625 890 si
668 843 908 908 tempus
948 842 1043 890 est
1084 833 1276 890 ullum
1311 836 1446 907 jure
1498 832 1763 889 hominis
1810 850 1907 889 ne-

133 914 343 985 candi,
393 932 548 988 quae
596 914 789 971 multa
835 919 993 983 sunt,
1041 923 1199 969 certe
1243 913 1391 969 illud
1434 919 1529 970 est
1567 931 1686 969 non
1727 913 1906 969 modo

141 993 413 1066 justum,
447 1012 658 1051 verum
688 994 870 1050 etiam
902 994 1325 1062 neceffiarium,
1357 1011 1490 1049 cum
1522 992 1580 1048 vi
1611 997 1708 1048 vis
1736 992 1907 1048 illata
1938 994 2012 1050 10

137 1072 505 1132 defenditur.
583 1073 949 1130 Pudicitiam
973 1091 1107 1130 cum
1132 1074 1389 1146 eriperet
1418 1072 1597 1128 militi
1628 1072 1908 1129 tribunus

137 1152 434 1209 militaris
476 1154 539 1210 in
577 1154 844 1210 exercitu
876 1153 940 1210 O.
975 1153 1174 1221 Marii,
1221 1152 1592 1227 propinquus
1633 1154 1762 1225 ejus
1802 1152 1909 1207 im-

139 1233 466 1306 peratoria,
498 1233 849 1290 interfectus
893 1232 966 1289 ab
1010 1251 1081 1290 eo
1126 1239 1237 1301 est,
1268 1233 1361 1289 cui
1393 1232 1515 1287 vim
1562 1231 1908 1303 adferebat3

143 1310 347 1368 facere
377 1313 538 1369 enim
566 1312 790 1387 probus
822 1312 1169 1369 adolescens
1198 1311 1528 1387 periculose
1558 1328 1741 1385 quam
1783 1328 1910 1385 per-

142 1390 272 1466 peti
325 1392 874 1466 turpiter-maluit3
925 1399 1103 1466 atque
1150 1392 1312 1449 hunc
1356 1392 1456 1448 ille
1506 1408 1778 1447 summus
1819 1391 1910 1446 vii·
1943 1393 2013 1449 15

145 1471 380 1528 scelere
411 1472 676 1528 solutum
713 1472 980 1546 periculo
1010 1472 1311 1528 liberavit.
1386 1471 1738 1528 Insidiatori
1767 1488 1909 1527 vero

142 1557 210 1607 et
253 1550 480 1607 latroni
523 1569 680 1626 quae
728 1560 932 1626 potest
979 1552 1186 1608 inferri
1236 1552 1459 1624 injusta
1500 1550 1662 1608 nex?
1749 1550 1910 1622 Quid

144 1630 480 1687 comitatus
510 1631 720 1701 nostri,
754 1632 895 1706 quid
932 1632 1119 1705 gladii
1151 1630 1407 1688 volunt?
1495 1633 1663 1703 Quos
1693 1630 1910 1686 habere

145 1717 317 1767 certe
351 1728 467 1766 non
496 1711 717 1780 liceret,
750 1713 798 1767 si
833 1712 919 1767 uti
949 1712 1068 1767 illis
1100 1712 1264 1767 nullo
1293 1718 1468 1786 pacto
1498 1710 1721 1766 liceret.
1795 1710 1910 1765 Est

146 1791 347 1864 igitur
378 1790 539 1860 haec,
568 1791 819 1864 judiceS‚
854 1809 973 1848 non
1004 1792 1245 1865 scripta,
1278 1792 1381 1847 sed
1414 1798 1556 1847 nata
1585 1791 1696 1858 lex,
1728 1807 1907 1864 quam
1941 1791 2014 1847 20

147 1887 277 1927 non
308 1870 647 1938 didicimuS‚
675 1871 1025 1944 accepimus,
1051 1871 1329 1944 legimuS,
1355 1888 1562 1926 verum
1593 1888 1667 1927 ex
1695 1880 1912 1926 natura

150 1949 293 2023 ipsa
340 1950 722 2023 arripuimuS,
771 1949 1100 2019 hausimuS,
1148 1950 1568 2023 expressimuS,
1603 1950 1680 2006 ad
1727 1966 1907 2023 quain

150 2046 276 2085 non
308 2029 488 2099 docti,
515 2030 622 2086 sed
652 2030 811 2096 facti,
838 2047 957 2085 non
989 2031 1269 2099 instituti,
1297 2030 1402 2086 sed
1433 2030 1650 2086 imbuti
1681 2045 1908 2096 sumus,

150 2117 239 2178 ut,
275 2108 327 2164 si
358 2108 486 2165 vita
529 2116 738 2166 nostra
768 2110 826 2165 in
857 2109 1089 2183 aliquas
1117 2110 1386 2177 insidias,
1420 2109 1470 2164 si
1514 2109 1573 2165 in
1605 2109 1730 2164 vim
1758 2114 1821 2163 et
1852 2108 1911 2163 in

151 2188 279 2245 tela
310 2193 418 2244 aut
446 2188 748 2245 latronum
785 2196 891 2244 aut
931 2189 1306 2245 inimicorum
1350 2188 1680 2257 incidisset,
1714 2188 1910 2243 omnis
1941 2187 2015 2243 25

155 2267 419 2323 honesta
447 2269 605 2324 ratio
634 2273 795 2324 esset
822 2268 1229 2342 expediendae
1259 2267 1505 2339 salutis3
1543 2268 1722 2323 silent
1751 2267 1910 2322 enim

150 2347 324 2421 leges
371 2347 531 2403 inter
571 2365 740 2403 arma
784 2365 891 2404 nec
934 2365 996 2404 se
1040 2348 1375 2421 exspectari
1411 2348 1638 2420 jubent,
1672 2365 1806 2404 cum
1836 2346 1911 2416 ei,

150 2427 256 2502 qui
301 2433 652 2500 exspectare
684 2426 844 2494 velit,
877 2434 1017 2483 ante
1063 2429 1286 2500 injusta
1330 2445 1523 2501 poena
1569 2427 1788 2483 luenda
1833 2427 1913 2483 sit

153 2525 338 2581 quam
370 2508 543 2579 justa
569 2506 928 2581 repetenda:
974 2507 1087 2563 etsi
1118 2507 1532 2581 persapienter
1560 2512 1621 2563 et
1650 2506 1912 2580 quodam

153 2587 339 2643 modo
364 2587 549 2643 tacite
573 2586 679 2642 dat
704 2586 833 2661 ipsa
858 2587 952 2643 lex
973 2593 1336 2661 potestatem
1360 2585 1732 2654 defendendi,
1758 2603 1910 2659 quae
1942 2585 2019 2641 30

156 2684 279 2722 non
309 2665 618 2722 hominem
649 2666 853 2735 occidi,
887 2667 991 2722 sed
1034 2683 1167 2721 esse
1210 2684 1345 2722 cum
1380 2666 1501 2722 telo
1534 2665 1795 2722 hominis
1825 2682 1917 2721 oc-

155 2745 395 2803 cidendi
426 2763 612 2801 causa
643 2751 823 2813 vetat,
855 2752 939 2812 ut,
972 2763 1105 2802 cum
1148 2763 1345 2812 causa,
1378 2763 1496 2801 non
1525 2746 1712 2802 telum
1741 2762 1918 2819 quae-

153 2835 404 2892 reretur,
450 2825 553 2899 qui
606 2824 699 2880 sui
750 2824 1102 2881 defendendi
1155 2842 1339 2881 causa
1387 2825 1509 2881 telo
1551 2833 1712 2880 esset
1749 2841 1914 2891 usuS,

157 2922 273 2961 non
308 2904 574 2962 hominis
605 2904 908 2960 occidendi
942 2922 1124 2960 causa
1156 2904 1439 2960 habuisse
1469 2904 1655 2960 telum
1691 2903 1917 2975 judica-

155 2997 334 3041 retur.
427 2985 810 3056 Quapropter
861 2983 969 3040 hoc
1020 2993 1261 3039 maneat
1305 2984 1362 3038 in
1411 3000 1609 3051 causa,
1648 2983 1914 3055 judices3
1944 2980 2020 3036 35

157 3082 274 3120 non
305 3064 469 3119 enirn
509 3063 719 3119 dubito
761 3063 906 3136 quin
949 3064 1315 3154 probaturus
1360 3064 1475 3118 sim
1508 3062 1678 3117 vobis
1721 3061 1918 3116 defen-

158 3145 390 3201 sionem
425 3159 641 3208 meam,
674 3141 723 3196 si
755 3142 814 3198 id
846 3142 1258 3210 memineritis,
1292 3142 1451 3216 quod
1493 3139 1762 3196 oblivisci
1797 3154 1917 3194 non

160 3224 436 3299 potestis,
471 3221 884 3278 insidiatorem
907 3223 1040 3293 jure
1071 3221 1319 3277 interfici
1350 3238 1542 3294 posse.

238 3307 290 3362 5.
339 3301 633 3377 Sequitur
662 3300 824 3371 illud,
857 3302 1018 3375 quod
1050 3319 1084 3356 a
1114 3300 1362 3356 Milonis
1391 3295 1650 3352 inimicis
1694 3292 1918 3365 saepis-
