2284 3717
258 135 345 199 66
778 152 853 198 M.
899 152 1162 199 TULLII
1215 153 1616 230 monemus

360 325 535 383 quae,
560 313 1043 385 quantacumque
1077 309 1137 367 in
1168 328 1263 367 me
1293 315 1404 381 est,
1430 328 1759 385 numquam
1794 313 2130 371 amicorum

360 389 639 463 periculis
669 389 896 446 defuit:
942 408 1095 464 quae
1138 390 1190 447 si
1220 391 1316 448 cui
1348 391 1539 448 levior
1567 392 1825 461 videtur,
1861 392 1966 449 illa
2004 395 2134 468 qui-

362 469 498 525 dem
545 475 723 537 certe,
755 487 906 543 quae
947 486 1186 525 summa
1215 477 1375 540 sunt,
1408 488 1481 527 ex
1509 489 1627 544 quo
1653 472 1815 527 fonte
1849 471 2134 530 hauriam

363 549 595 605 sentio:
628 566 767 604 nam
799 548 913 604 nisi
948 549 1274 605 multorum
1307 550 1645 624 praeceptis
1675 551 2007 624 multisque
2037 553 2137 608 lit-

292 630 327 686 5
362 628 510 684 teris
553 628 702 683 mihi
747 629 823 684 ab
868 628 1278 685 adolescentia
1321 630 1648 686 suasissem
1691 630 1845 686 nihil
1888 649 2025 695 esse
2066 632 2134 688 in

360 708 491 764 vita
536 725 761 781 magno
811 724 988 783 opere
1035 709 1438 782 expetendum
1485 709 1601 765 nisi
1650 710 1890 765 laudem
1945 717 2135 784 atque

361 786 758 854 honestatem,
791 787 849 843 in
882 805 955 843 ea
985 795 1190 844 autem
1230 789 1645 863 persequenda
1686 806 1898 844 omnes
1942 791 2135 846 cruci·

359 873 496 923 atus
546 866 830 940 corporis,
878 867 1081 924 omnia
1132 868 1401 942 pericula
1443 868 1658 941 mortis
1701 874 1880 943 atque
1925 870 2130 926 exsilii

358 946 532 1019 parvi
576 963 709 1003 esse
739 946 1031 1015 ducenda,
1067 964 1397 1022 numquam
1429 965 1524 1003 me
1553 965 1663 1022 pro
1692 947 1889 1004 salute
1920 955 2134 1005 vestra

256 1026 328 1083 10
359 1025 419 1082 in
450 1031 543 1082 tot
574 1044 642 1082 ac
670 1032 880 1082 tantas
911 1026 1334 1083 dimicationes
1366 1033 1542 1101 atque
1585 1027 1646 1082 in
1691 1026 1803 1084 hos
1844 1027 2136 1101 profliga-

359 1111 556 1162 torum
617 1105 928 1162 hominum
984 1106 1373 1179 quotidianos
1428 1107 1690 1181 impetus
1748 1107 2128 1179 objecissem.

359 1184 476 1242 Sed
506 1185 667 1259 pleni
699 1202 906 1241 omnes
938 1190 1081 1241 sunt
1109 1185 1263 1256 libri,
1289 1185 1499 1261 plenae
1532 1185 1894 1260 sapientium
1921 1204 2129 1257 voceS‚

356 1265 536 1339 plena
564 1264 974 1339 exemplorum
1005 1271 1317 1338 vetustas3
1360 1283 1515 1340 quae
1547 1267 1819 1339 jacerent
1859 1264 1923 1322 in
1965 1271 2137 1323 tene-

357 1344 482 1401 bris
512 1345 735 1412 omnia,
769 1344 885 1400 nisi
916 1343 1256 1401 litterarum
1288 1346 1488 1401 lumen
1522 1344 1847 1401 accederet.
1923 1345 2131 1417 Quam

222 1424 326 1522 ¹315
360 1424 583 1481 multas
615 1424 788 1480 uobis
817 1423 1119 1497 imagines
1150 1442 1270 1481 non
1301 1424 1498 1481 solum
1522 1424 1596 1481 ad
1619 1424 2001 1494 intuendum,
2031 1444 2135 1482 ve-

357 1521 487 1561 rum
521 1504 706 1560 etiam
740 1503 816 1559 ad
846 1504 1209 1560 imitandum
1238 1504 1703 1561 fortissimorum
1730 1504 1996 1560 virorum
2021 1522 2126 1561 ex-

356 1601 600 1657 pressas
644 1583 965 1657 scriptores
1001 1590 1062 1639 et
1093 1582 1308 1641 Graeci
1351 1589 1413 1640 et
1457 1583 1664 1641 Latini
1706 1583 2120 1657 reliquerunt!

365 1664 532 1734 Quas
561 1681 675 1736 ego
706 1662 855 1719 mihi
898 1680 1136 1737 semper
1179 1664 1241 1719 in
1284 1663 1764 1720 administranda
1790 1680 1854 1719 re
1883 1663 2133 1737 publica

356 1759 698 1817 proponens
742 1743 1009 1799 animum
1057 1748 1119 1799 et
1157 1750 1422 1799 mentem
1471 1760 1668 1799 meam
1714 1742 1848 1817 ipsa
1896 1744 2132 1817 cogita-

252 1824 328 1880 20
358 1822 519 1879 tione
551 1821 859 1879 hominum
891 1822 1312 1879 excellentium
1343 1822 1814 1880 conformabam.

441 1904 488 1962 7.
538 1903 802 1975 Quaeret
830 1901 1168 1976 quispiam:
1212 1900 1401 1977 quid?
1449 1901 1546 1958 Illi
1577 1901 1689 1977 ipsi
1734 1901 1959 1958 summi
1990 1902 2126 1970 viri,

359 2000 613 2055 quorum
645 1982 902 2038 virtutes
950 1981 1170 2038 litteris
1215 1982 1493 2056 proditae
1540 1986 1699 2049 sunt,
1743 1980 1945 2037 istane
1987 1982 2124 2039 doc-

359 2062 533 2131 trina,
560 2079 741 2136 quam
771 2067 840 2117 tu
869 2060 1042 2117 effers
1071 2060 1369 2130 laudibus,
1401 2061 1621 2118 eruditi
1651 2058 1941 2117 fuerunt?
2001 2060 2128 2118 Dif-

360 2141 510 2198 ficile
539 2154 633 2198 est
663 2140 775 2198 hoc
804 2141 878 2198 de
910 2141 1187 2196 omnibus
1229 2141 1597 2209 confirmare,
1631 2140 1734 2196 sed
1778 2145 1986 2196 tamen
2029 2147 2128 2197 est

254 2222 329 2278 25
361 2229 519 2278 certe
555 2221 713 2295 quod
757 2220 1174 2294 respondeam.
1261 2220 1397 2292 Ego
1441 2221 1664 2276 multos
1708 2219 1987 2276 homines
2031 2239 2129 2277 ex-

360 2300 594 2358 cellenti
654 2300 854 2356 auimo
906 2318 974 2356 ac
1017 2300 1239 2368 virtute
1298 2301 1484 2357 fuisse
1540 2306 1602 2356 et
1659 2299 1789 2356 sine
1847 2299 2128 2357 doctriua

360 2386 614 2437 naturae
659 2381 850 2456 ipsius
894 2379 1105 2436 habitu
1148 2397 1332 2453 prope
1377 2379 1588 2436 divino
1618 2396 1725 2452 per
1753 2396 1818 2434 se
1861 2378 2036 2453 ipsos
2067 2385 2131 2436 et

359 2462 707 2517 moderatos
751 2466 813 2516 et
856 2477 1074 2532 graves
1117 2459 1426 2516 exstitisse
1469 2459 1696 2531 fateor;
1740 2458 1927 2515 etiam
1973 2459 2128 2517 illud

363 2541 643 2615 adjung0‚
671 2539 912 2614 saepius
937 2539 1012 2595 ad
1046 2539 1288 2602 laudem
1320 2544 1499 2613 atque
1523 2539 1806 2594 virtutem
1839 2543 2131 2596 naturam

254 2624 329 2680 30
361 2621 489 2678 sine
521 2620 794 2676 doctrina
823 2637 1000 2693 quam
1043 2619 1172 2675 sine
1218 2623 1436 2675 natura
1466 2618 1729 2674 valuisse
1761 2617 2129 2676 doctrinam.

360 2699 566 2774 Atque
590 2700 749 2755 idem
774 2716 888 2771 ego
912 2698 1229 2766 contende,
1256 2716 1389 2754 cum
1424 2698 1499 2754 ad
1533 2703 1808 2753 naturam
1835 2697 2134 2756 eximiam

363 2787 541 2855 atque
588 2778 880 2834 illustrem
927 2778 1249 2835 accesserit
1278 2778 1431 2834 ratio
1461 2776 1759 2850 quaedam
1789 2777 2135 2835 conforma-

359 2860 565 2933 tioque
609 2858 933 2922 doctrinae,
978 2864 1108 2913 tum
1154 2857 1301 2913 illud
1334 2856 1534 2914 nescio
1564 2856 1708 2931 quid
1744 2856 2132 2930 praeclarum

363 2956 431 2994 ao
488 2937 791 3009 singulare
839 2936 1026 2993 solere
1077 2938 1383 2993 exsistere.
1471 2936 1567 2992 Ex
1617 2935 1729 2992 hoc
1778 2952 1912 2992 esse
1967 2936 2133 2996 hunc

254 3019 328 3076 35
361 3033 625 3082 numer0‚
657 3033 833 3088 quem
864 3023 1068 3088 patres
1098 3017 1288 3072 nostri
1315 3016 1612 3084 viderunt,
1647 3014 1924 3071 divinum
1962 3015 2138 3078 hom-

360 3097 519 3151 inem
572 3092 945 3163 Africanum,
993 3113 1068 3151 ex
1119 3095 1230 3151 hoc
1277 3096 1339 3152 O.
1389 3095 1683 3164 Laelium,
1731 3093 1798 3151 L.
1849 3093 2132 3174 Fugiuss,

361 3170 875 3229 moderatissimos
907 3171 1180 3228 homines
1211 3179 1271 3229 et
1300 3174 1873 3241 continentissimOS,
1900 3189 1980 3234 ex
2171 3173 2188 3222 -’

364 3248 760 3305 fortissimum
792 3247 985 3302 virum
1029 3257 1091 3305 et
1124 3251 1243 3306 illis
1273 3253 1648 3327 temporibus
1677 3175 2222 3446 (100ῖίεείῦῇ

2175 3493 2222 3558 :³

2007 3623 2261 3676 -

366 3324 451 3379 Μ.
487 3324 781 3382 Catonem
812 3324 976 3379 illum
1009 3343 1248 3400 senem3
1292 3332 1392 3402 qui
1438 3332 1708 3406 profecto
1752 3333 1803 3390 si
1848 3329 2026 3398 nihil
