2284 3717
282 153 364 216 62
795 164 868 211 M.
914 165 1176 216 TULLII
1227 163 1623 212 01011111οΝ15

386 321 735 396 quaestione
779 320 1055 394 legitima
1099 326 1163 378 et
1203 321 1266 378 in
1307 320 1532 394 judicio
1576 318 1835 394 publico,
1870 336 2006 376 cum
2044 334 2133 375 res

389 407 608 474 agatur
638 401 797 475 apud
826 409 1166 475 praetorem
1194 401 1399 475 populi
1431 399 1712 468 Romani,
1743 399 2135 455 lectissimum

391 481 604 549 virum,
634 486 696 537 et
727 480 886 554 apud
916 480 1334 537 severissimos
1354 480 1604 553 Judices‚
1636 484 1810 535 tanto
1840 486 2133 535 conventu

390 558 700 616 hominum
732 577 799 616 ac
829 560 1183 633 frequentia,
1212 559 1323 615 hoc
1353 559 1443 615 uti
1472 575 1688 632 genere
1712 557 1952 614 dicendi
1982 555 2135 632 quod

323 643 358 699 5
390 657 510 695 non
539 640 717 696 modo
762 657 798 695 a
834 639 1267 695 consuetudine
1300 639 1679 712 judiciorum,
1713 655 1925 693 verum
1960 637 2136 692 etiam

393 736 427 774 a
464 718 686 775 forensi
729 734 1001 774 sermone
1046 719 1383 786 abhorreat,
1416 735 1637 791 quaeso
1680 735 1715 773 a
1756 717 1953 783 vobis,
1985 715 2136 771 utin

392 797 503 853 hac
532 815 715 853 causa
756 797 904 853 mihi
943 798 1100 854 detis
1141 797 1296 853 hanc
1332 798 1589 866 veniam,
1623 795 2138 853 accommodatam
2277 803 2283 882 1

393 876 530 933 huic
575 894 693 944 re0,
739 877 929 946 vobis,
974 895 1151 951 quem
1204 877 1278 933 ad
1329 877 1573 932 modum
1621 893 1811 951 spero,
1857 892 1980 931 non
2025 891 2140 929 mo-

226 1015 232 1021 ,
392 956 626 1025 lestam,
659 961 727 1011 ut
757 973 851 1011 me
893 974 1000 1029 pro
1038 974 1273 1013 sununo
1316 959 1493 1031 poeta
1522 961 1701 1029 atque
1731 953 2138 1011 eruditissimo
2277 985 2283 1034 ι

292 1040 362 1096 10
394 1035 993 1104 homine'dicentem,
1042 1036 1155 1093 hoc
1204 1053 1498 1092 concursu
1553 1035 1864 1091 hominum
1923 1034 2141 1090 littera-

392 1116 783 1184 tissimorum,
843 1113 954 1171 hac
1010 1123 1216 1172 vestra
1275 1114 1664 1182 humanitate,
1716 1113 1831 1171 hoc
1887 1113 2138 1186 denique
2277 1095 2283 1208 Ι

393 1201 666 1269 praetore
723 1201 1035 1251 exercente
1081 1195 1378 1267 ⁴judicium
1432 1193 1752 1268 patiamini
1798 1193 1872 1248 de
1928 1191 2142 1248 studiis

395 1273 790 1329 humanitatis
835 1290 903 1328 ac
932 1273 1272 1330 litterarum
1300 1273 1483 1346 paulo
1523 1272 1687 1347 loqui
1717 1271 1967 1328 liberius
1996 1276 2057 1328 et
2082 1271 2141 1326 in

394 1354 521 1425 ejus
568 1352 727 1407 modi
772 1369 1047 1427 persona,
1079 1371 1232 1427 quae
1275 1358 1522 1427 propter
1548 1353 1736 1408 otium
1767 1368 1838 1408 ac
1879 1351 2144 1407 studium

295 1435 364 1490 15
396 1432 640 1487 minime
698 1432 761 1487 in
813 1431 1058 1505 judiciis
1114 1432 1515 1506 periculisque
1570 1436 1835 1488 tractata
1889 1435 2001 1500 est,
2058 1429 2146 1485 uti

395 1528 582 1586 prope
638 1528 796 1567 novo
853 1511 1112 1586 quodam
1170 1518 1231 1568 et
1284 1511 1572 1567 inusitato
1623 1527 1841 1584 genere
1894 1509 2143 1567 dicendi.

401 1591 576 1662 Quod
627 1590 677 1645 si
721 1590 868 1645 mihi
926 1608 962 1645 a
1003 1590 1179 1646 vobis
1223 1591 1405 1647 tribui
1450 1590 1812 1663 concedique
1871 1589 2144 1657 sentiam,

395 1669 696 1742 perficiam
741 1670 1004 1744 profecto
1049 1678 1114 1726 ut
1158 1670 1316 1726 hunc
1352 1670 1427 1726 A.
1462 1668 1764 1726 Licinium
1806 1686 1924 1724 non
1971 1668 2145 1725 modo

400 1766 520 1803 non
565 1750 1024 1823 segregandum,
1057 1767 1195 1806 cum
1239 1750 1318 1805 sit
1359 1749 1524 1818 civiS‚
1556 1766 1592 1804 a
1623 1764 1867 1803 numero
1908 1747 2147 1816 civium,

295 1832 368 1887 20
401 1844 607 1883 verum
632 1828 815 1884 etiam
841 1829 890 1884 si
919 1846 1036 1884 non
1060 1834 1238 1897 esset,
1260 1829 1486 1903 putetis
1510 1826 1928 1885 asciscendum
1948 1827 2147 1884 fuisse.

480 1910 530 1963 3,
578 1907 737 1963 Nam
770 1914 836 1963 ut
864 1908 1126 1982 primum
1157 1926 1231 1964 ex
1260 1908 1462 1982 pueris
1491 1906 1752 1964 excessit
1774 1906 2040 1963 Archias
2072 1911 2155 1963 at-

402 2003 515 2059 que
548 1987 620 2042 ab
648 1987 736 2043 eis
768 1988 1011 2055 artibuS‚
1045 1987 1264 2062 quibus
1305 1993 1469 2044 aetas
1496 1987 1745 2061 puerilis
1776 1985 1852 2041 ad
1885 1985 2156 2042 humani-

400 2072 591 2121 tatem
622 2066 927 2122 informari
959 2067 1127 2136 solet,
1162 2084 1224 2122 se
1270 2067 1346 2123 ad
1391 2066 1689 2123 scribendi
1720 2065 1994 2121 studium
2023 2083 2157 2122 con·
2252 2123 2256 2127 ,

402 2146 558 2210 tulit,
591 2147 845 2219 primum
882 2146 1502 2203 Antiochiae—nam
1547 2146 1631 2201 ibi
1678 2151 1858 2201 natus
1901 2152 1999 2201 est
2026 2145 2155 2201 loco

297 2228 370 2282 25
402 2224 686 2294 nobili—‚
719 2226 932 2281 celebri
958 2226 1258 2298 quondam
1293 2226 1437 2281 urbe
1466 2229 1527 2281 et
1554 2225 1798 2298 copiosa
1828 2228 2010 2298 atque
2033 2241 2159 2280 eru-

402 2304 721 2360 ditissimis
754 2304 1098 2360 hominibus
1129 2304 1683 2378 liberalissimisque
1714 2303 1940 2359 studiis
1981 2303 2159 2359 adflu-

402 2384 542 2452 enti,
566 2384 835 2440 celeriter
860 2384 1211 2441 antecellere
1236 2384 1514 2441 omnibus
1544 2382 1768 2456 ingenii
1799 2382 1999 2455 gloria
2028 2400 2159 2439 con-

402 2463 557 2536 tigit.
647 2463 798 2519 Post
846 2464 907 2519 in
957 2465 1171 2519 ceteris
1219 2463 1408 2519 Asiae
1456 2463 1729 2535 partibus
1785 2468 2159 2537 cunctaeque

409 2542 695 2599 Graeciae
721 2542 808 2598 sic
835 2544 966 2616 ejus
999 2543 1301 2599 adventus
1332 2542 1800 2609 celebrabantur,
1834 2546 1902 2597 ut
1933 2542 2160 2600 famam

299 2624 372 2679 30
403 2622 627 2695 ingenii
672 2622 1040 2696 exspectatio
1088 2621 1364 2691 hominm,
1407 2620 1920 2695 exspectationem
1969 2622 2163 2696 ipsius

408 2702 480 2756 ad
494 2707 707 2757 ventus
739 2700 1175 2775 admiratioque
1206 2705 1532 2775 superaret.
1620 2700 1769 2755 Erat
1802 2699 1993 2757 Italia
2020 2708 2165 2757 tunc

403 2781 582 2854 plena
613 2779 976 2837 Graecarum
1007 2781 1224 2835 artium
1259 2797 1325 2836 ac
1355 2779 1801 2853 disciplinarum
1833 2780 2168 2855 studiaque

406 2859 554 2915 haec
582 2865 644 2915 et
673 2859 732 2914 in
764 2858 941 2914 Latio
972 2859 1387 2915 vehementius
1426 2865 1554 2915 tum
1585 2858 1939 2915 colebantur
1983 2876 2170 2935 quam

407 2955 566 2992 nunc
607 2938 837 2994 eisdem
881 2937 942 2992 in
985 2938 1222 3011 oppidis
1251 2944 1311 2995 et
1344 2938 1436 2994 hic
1469 2938 1699 2994 Romae
1728 2943 1979 3011 propter
2008 2946 2174 2998 tran·

303 3016 376 3073 35
409 3015 769 3087 quillitatem
810 3016 895 3071 rei
925 3018 1198 3090 publicae
1229 3033 1347 3072 non
1378 3018 1855 3091 negligebantur.
1946 3017 2176 3095 Itaque

410 3093 567 3147 hunc
595 3100 658 3146 et
687 3094 1000 3148 Tarentini
1030 3102 1092 3151 et
1123 3096 1344 3168 Regini
1388 3102 1448 3152 et
1494 3095 1882 3169 Neapolitani
1915 3097 2186 3164 civitat*

410 3170 739 3239 ceterisque
784 3172 1068 3239 praemiis
1114 3174 1417 3230 donarunt
1444 3181 1506 3231 et
1535 3191 1760 3243 omnes,
1793 3174 1894 3247 qui
1936 3178 2045 3234 all
2084 3201 2089 3211 1

412 3246 485 3299 de
516 3246 776 3314 ingeniis
817 3250 1097 3315 poterant
1128 3251 1413 3323 judicare,
1447 3254 1789 3327 cognitione
1820 3249 2022 3329 atque⁸
2038 3262 2065 3308 “-.··
2209 3243 2220 3272 ³

411 3320 564 3390 pitio
608 3321 860 3391 dignum
901 3322 1336 3384 existimarunt.
1426 3331 1562 3389 Hac
1602 3328 1778 3389 tanta
1811 3333 1940 3391 cele
1958 3356 2137 3391 11
2176 3388 2183 3391 ,
2223 3367 2236 3382 .
