2284 3717
577 175 722 221 PRO
773 175 838 231 Q.
869 175 1189 222 monuo
1241 175 1539 222 oemio.
1868 156 1988 221 171

122 330 226 389 filii
260 331 452 390 vides,
533 332 694 404 Quid
723 333 795 389 de
820 332 1107 389 fratribus
1137 330 1377 389 dicam?
1448 331 1610 400 Noli,
1640 330 1863 388 Caesar

120 419 333 485 putare
364 413 440 468 de
484 413 665 468 unius
707 413 902 487 capite
934 429 1043 469 nos
1087 430 1299 485 agere:
1346 422 1451 468 aut
1479 419 1601 468 tres
1634 411 1744 467 tibi
1782 411 1879 467 Li-

122 493 278 565 garii
321 492 627 548 retinendi
672 492 732 547 in
763 492 1008 548 civitate
1051 497 1196 548 sunt
1239 498 1346 547 aut
1374 500 1496 546 tres
1530 509 1604 547 ex
1633 491 1879 546 civitate

122 571 605 643 exterminandi3
647 589 785 627 nam
830 572 1090 644 quodvis
1131 572 1413 627 exsilium
1457 570 1549 626 his
1588 581 1681 625 est
1716 579 1879 643 opta-

121 649 247 706 tius
300 667 483 723 quam
525 651 740 724 patria,
771 668 952 725 quam
998 651 1228 719 domus,
1273 668 1452 723 quam
1503 650 1563 705 di
1610 657 1875 724 penateS,
1948 650 1983 706 5

123 747 241 785 uno
271 730 377 785 illo
407 730 740 786 exsulante.
817 729 880 786 Si
911 730 1186 798 fraterne,
1213 730 1263 785 si
1294 730 1409 804 pie,
1436 730 1486 785 si
1516 746 1650 786 cum
1675 729 1877 785 dolore

124 808 370 877 faciunt,
403 815 690 864 moveant
719 816 777 865 te
812 809 1017 866 horum
1051 810 1348 876 lacrimae,
1382 815 1625 865 moveat
1663 808 1875 881 pietas,

124 895 368 944 moveat
400 889 809 961 germanitas;
854 890 1054 945 valeat
1081 897 1190 945 tua
1220 906 1339 944 vox
1369 888 1487 957 illa,
1514 904 1667 961 quae
1697 888 1877 944 vicit:

63 982 70 989 ·
125 973 183 1022 te
220 967 387 1023 enim
417 967 615 1023 dicere
662 968 1052 1024 audiebamus
1095 985 1207 1024 nos
1249 985 1457 1024 omnes
1502 967 1881 1023 adversarios

124 1052 355 1120 putare,
399 1047 519 1102 nisi
577 1046 678 1122 qui
734 1049 1047 1103 nobiscum
1097 1053 1339 1120 essent3
1395 1052 1454 1104 te
1512 1063 1734 1114 omneS,
1780 1046 1882 1120 qui
1913 1044 1986 1101 10

125 1131 336 1181 contra
380 1132 439 1181 te
498 1143 617 1182 non
660 1133 879 1197 essent,
926 1134 1081 1183 tuos,
1168 1126 1437 1184 Videsne
1486 1125 1676 1199 igitur
1722 1125 1880 1182 hunc

126 1203 507 1277 splendorem
572 1206 858 1275 omnium,
919 1205 1074 1262 hanc
1140 1205 1548 1263 Brocchorum
1611 1205 1875 1274 domum,

125 1282 282 1340 hunc
328 1283 398 1341 L.
432 1284 750 1354 Marcium,
785 1284 849 1342 O.
879 1285 1245 1353 Caesetium,
1279 1285 1347 1342 L.
1389 1284 1734 1353 Corfidium,
1768 1283 1880 1340 hos

128 1380 335 1419 omnes
377 1364 613 1437 equites
656 1363 985 1434 RomanOS‚
1017 1365 1117 1438 qui
1165 1365 1385 1421 adsunt
1414 1370 1582 1419 veste
1624 1370 1875 1433 mutata,

127 1458 242 1498 non
285 1442 483 1498 solum
528 1449 706 1499 notos
743 1444 874 1513 tibi,
909 1461 1116 1500 verum
1146 1444 1331 1500 etiam
1373 1444 1663 1518 probatos
1695 1444 1873 1512 viros,
1913 1440 1983 1498 15

129 1522 226 1594 qui
275 1529 479 1578 tecum
524 1521 810 1580 fuerunt?
896 1524 1101 1597 Atque
1157 1522 1249 1579 his
1299 1522 1722 1592 irascebamur,
1769 1521 1880 1578 hos

130 1600 597 1675 requirebamuS,
632 1601 725 1658 his
755 1603 1028 1659 nonnulli
1055 1603 1240 1659 etiam
1270 1602 1664 1658 minabamur.
1727 1601 1879 1658 Con-

131 1696 301 1736 serva
331 1680 521 1754 igitur
548 1681 877 1751 tuis-suos,
912 1688 994 1751 ut,
1029 1700 1205 1756 quem
1255 1682 1330 1737 ad
1375 1682 1617 1737 modum
1658 1687 1875 1750 cetera,

133 1776 276 1833 quae
309 1760 474 1816 dicta
505 1766 650 1816 sunt
680 1778 715 1816 a
745 1766 822 1830 te,
856 1762 940 1818 sic
977 1761 1087 1818 hoc
1118 1762 1499 1817 verissimum
1530 1760 1875 1835 reperiatur.

205 1842 296 1896 12.
345 1839 525 1911 Quod
555 1839 608 1894 si
637 1841 878 1913 penitus
906 1841 1240 1915 perspicere
1264 1857 1476 1914 posses
1498 1840 1877 1897 concordiam
1910 1838 1984 1894 20

134 1913 530 1991 Ligariorum,
575 1936 783 1975 omnes
828 1919 1042 1976 fratres
1082 1927 1281 1977 tecum
1328 1919 1631 1993 judicares
1673 1919 1875 1976 fuisse.

133 1994 226 2052 An
268 2002 475 2071 potest
521 1998 840 2072 quisquam
883 1999 1157 2056 dubitare
1197 1999 1360 2073 quin,
1394 1999 1447 2055 si
1485 1999 1553 2071 Q.
1590 1998 1879 2070 Ligarius

134 2072 190 2129 in
230 2076 419 2132 Italia
462 2094 597 2133 esse
643 2079 960 2150 potuisset,
993 2080 1055 2134 in
1100 2079 1309 2134 eadem
1362 2078 1663 2134 sententia
1700 2077 1882 2133 fuerit

134 2151 380 2226 futurus,
406 2156 472 2211 in
495 2173 615 2230 qua
644 2157 856 2213 fratres
880 2156 1164 2214 fuerunt?
1226 2157 1378 2230 Quis
1408 2164 1503 2213 est
1531 2158 1633 2232 qui
1665 2155 1879 2212 horum

136 2249 486 2291 consensum
519 2236 963 2309 conspirantem
993 2244 1055 2293 et
1094 2255 1285 2311 paene
1321 2236 1644 2293 conflatum
1675 2236 1734 2291 in
1766 2235 1878 2292 hac
1910 2235 1984 2291 25

135 2327 306 2387 prope
343 2314 709 2388 aequalitate
740 2316 1004 2372 fraterna
1034 2335 1155 2373 non
1186 2317 1439 2385 noverit,
1472 2316 1572 2391 qui
1618 2314 1730 2372 hoc
1760 2333 1880 2372 non

138 2394 372 2463 sentiat,
405 2394 654 2468 quidvis
702 2394 868 2467 prius
915 2396 1184 2452 futurum
1228 2395 1434 2465 fuisse,
1480 2413 1661 2469 quam
1706 2401 1774 2451 ut
1819 2394 1880 2451 hi

138 2469 342 2529 fratres
364 2473 642 2530 diversas
664 2475 997 2531 sententias
1020 2476 1412 2549 fortunasque
1443 2473 1876 2549 sequerentur?

141 2546 463 2608 Voluntate
506 2552 698 2627 igitur
727 2571 933 2610 omnes
971 2559 1170 2612 tecum
1200 2555 1472 2611 fuerunt:
1517 2561 1877 2629 tempestate

142 2627 414 2704 abreptus
459 2639 555 2688 est
597 2649 769 2702 unus,
802 2634 906 2706 qui
946 2634 998 2689 si
1043 2633 1295 2690 consilio
1337 2634 1399 2691 id
1428 2634 1685 2703 fecisset,
1718 2639 1879 2690 esset
1909 2632 1983 2689 30

141 2722 334 2765 eorum
380 2711 615 2780 similis
648 2729 800 2785 quos
840 2718 907 2769 tu
948 2718 1155 2769 tamen
1199 2713 1403 2770 salvos
1446 2730 1578 2769 esse
1614 2712 1874 2769 voluisti.

146 2783 257 2844 Sed
310 2790 448 2845 ierit
497 2790 576 2846 ad
625 2790 866 2861 bellum,
912 2791 1264 2848 dissenserit
1304 2810 1426 2848 non
1469 2810 1504 2849 a
1546 2798 1605 2848 tc
1662 2792 1875 2862 solum,

143 2880 335 2923 verum
363 2869 552 2925 etiam·
576 2887 612 2925 a
643 2870 957 2927 fratribus:
1002 2872 1061 2926 hi
1094 2877 1153 2927 te
1185 2877 1359 2927 orant
1388 2871 1491 2928 tui.
1557 2870 1874 2945 Equidem,

144 2958 270 3001 cum
321 2947 441 3004 tuis
498 2949 777 3004 omnibus
835 2951 1097 3023 negotiis
1163 2950 1533 3018 interessem,
1592 2951 1878 3006 memoria

142 3024 308 3080 teneo
355 3027 551 3101 qualis
602 3027 667 3084 T.
711 3027 996 3102 Ligarius
1046 3035 1330 3103 quaestor
1384 3030 1648 3086 urbanus
1698 3029 1878 3085 fuerit
1908 3029 1979 3085 35

144 3117 280 3174 erga
306 3109 362 3161 te
390 3112 450 3162 et
479 3106 839 3181 dignitatem
871 3114 1056 3165 tuam.
1131 3107 1248 3165 Sed
1278 3126 1490 3183 parum
1520 3115 1612 3164 est
1640 3126 1734 3164 me
1766 3107 1878 3164 hoc

144 3183 506 3268 meminisse:
553 3203 726 3260 spero
756 3188 940 3243 etiam
971 3192 1048 3257 te,
1081 3188 1184 3262 qui
1215 3188 1491 3244 oblivisci
1535 3187 1682 3242 nihil
1720 3186 1878 3242 soles

147 3259 258 3314 nisi
282 3260 537 3336 injuriaS,
571 3266 855 3339 quoniam
886 3266 997 3323 hoc
1026 3275 1120 3323 est
1152 3267 1355 3336 animi,
1381 3265 1660 3339 quoniam
1692 3264 1876 3319 etiam

148 3333 360 3411 ingenii
379 3343 486 3415 tui,
508 3350 568 3400 te
599 3344 825 3419 aliquid
856 3345 927 3401 de
959 3344 1135 3418 hujus
1164 3344 1267 3399 illo
1298 3342 1639 3416 quaestorio
1669 3339 1873 3408 officio,
