2284 3717
270 176 358 228 IN
403 181 479 228 M.
512 180 923 227 ANTONIUM
960 179 1240 227 onAmo
1278 178 1717 227 PHILIPPICA
1751 178 1799 228 1.
1876 161 2001 228 179

141 356 299 412 quae
342 343 547 395 tamen
592 338 786 394 multo
827 337 1000 413 plura
1045 337 1150 394 illo
1194 342 1434 395 mortuo
1478 342 1716 413 reperta
1758 342 1901 394 sunt

143 435 327 492 quam
361 437 395 474 a
426 419 566 475 vivo
610 417 898 475 beneficia
937 435 1044 493 per
1086 435 1295 474 omnes
1339 435 1529 474 annos
1571 417 1800 474 tributa
1840 423 1902 473 et

143 499 307 554 data.
395 496 514 555 Sed
544 516 618 554 ea
646 515 767 554 non
798 506 983 567 muto,
1010 514 1128 554 non
1159 515 1406 555 moveo:
1437 515 1672 554 summo
1697 496 1900 554 studio

144 577 310 633 illius
348 578 661 651 praeclara
703 583 841 634 acta
879 577 1149 634 defendo.
1238 577 1504 635 Pecunia
1547 577 1779 634 utinam
1824 577 1900 633 ad
1987 591 1992 595 ·

145 655 299 730 Opis
328 656 638 715 maneretl
682 665 930 714 cruenta
960 657 1066 713 illa
1107 656 1365 731 quidem,
1399 658 1503 713 sed
1544 657 1635 713 his
1679 662 1906 731 tempo·
1970 655 2005 712 5

142 736 330 807 ribus,
362 738 647 812 quoniam
685 737 789 806 eiS,
813 754 1067 811 quorum
1098 742 1210 806 est,
1235 755 1354 793 non
1381 737 1672 806 redditur,
1705 753 1904 793 neces-

143 816 325 873 saria.
415 817 802 890 Quamquam
848 835 920 873 ea
961 833 1197 891 quoque
1245 817 1328 874 sit
1370 816 1574 884 effusa,
1609 816 1660 873 si
1707 816 1795 872 ita
1838 816 1899 871 in

144 896 301 952 actis
331 896 460 953 fuit.
548 896 785 970 Ecquid
814 903 908 952 est
935 897 1093 971 quod
1123 902 1248 953 tam
1281 897 1516 972 proprie
1546 896 1660 953 dici
1704 895 1901 969 possit

143 980 347 1032 actum
377 977 526 1048 ejus,
561 976 664 1050 qui
695 982 941 1048 togatus
970 977 1032 1032 in
1062 993 1124 1033 re
1153 977 1396 1051 publica
1424 994 1560 1033 cum
1603 980 1905 1050 potestate

141 1055 513 1130 imperioque
557 1062 838 1111 versatus
881 1057 979 1126 sit,
1025 1074 1205 1130 quam
1250 1054 1390 1112 lex?
1492 1056 1725 1128 Quaere
1769 1060 1905 1111 acta
1936 1054 2010 1111 10

145 1134 440 1193 Gracchi:
491 1134 682 1208 leges
744 1134 1130 1209 Semproniae
1190 1136 1601 1210 proferentum
1684 1152 1902 1209 quaere

146 1214 388 1272 Sullae:
433 1213 764 1272 Corneliae.
855 1213 1058 1287 Quid?
1146 1215 1420 1290 Pompeii
1449 1215 1667 1271 tertius
1690 1231 1902 1270 consu-

142 1294 306 1350 latus
337 1295 396 1350 in
432 1295 657 1368 quibus
688 1293 840 1350 actis
870 1293 1185 1351 constitit?
1267 1294 1503 1369 Nempe
1543 1295 1605 1350 in
1649 1294 1900 1367 legibus.

145 1373 236 1430 De
259 1374 523 1431 Caesare
547 1374 678 1448 ipso
703 1373 755 1430 si
779 1391 1094 1447 quaereres
1117 1373 1400 1448 quidnam
1426 1375 1657 1448 egisset
1676 1373 1740 1429 in
1758 1373 1903 1429 urbe

143 1460 205 1509 et
233 1454 298 1509 in
330 1460 490 1526 toga,
518 1453 683 1527 leges
712 1454 936 1510 multas
965 1454 1352 1529 responderet
1382 1472 1446 1512 se
1474 1459 1537 1511 et
1566 1453 1904 1528 praeclaras
1937 1451 2007 1508 15

145 1531 378 1601 tulisse,
405 1532 811 1607 chirographa
830 1550 971 1591 vero
1003 1540 1107 1590 aut
1136 1539 1401 1590 mutaret
1432 1541 1537 1591 aut
1565 1550 1684 1590 non
1715 1533 1901 1602 daret,

148 1617 269 1681 aut,
303 1613 354 1668 si
387 1612 670 1679 dedisset,
702 1630 824 1668 non
852 1612 1006 1669 istas
1034 1631 1130 1670 res
1173 1612 1234 1669 in
1280 1613 1430 1670 actis
1473 1613 1598 1669 suis
1640 1613 1900 1669 duceret.

151 1690 268 1748 Sed
303 1691 452 1748 haec
482 1692 621 1765 ipsa
649 1692 944 1765 concedo;
987 1693 1350 1768 quibusdam
1394 1693 1580 1750 etiam
1622 1693 1685 1748 in
1727 1692 1904 1748 rebus

148 1771 476 1844 connive03
535 1772 596 1827 in
641 1772 925 1828 maximis
971 1790 1113 1829 vero
1158 1773 1352 1841 rebuS,
1402 1772 1462 1829 id
1508 1778 1604 1830 est
1647 1772 1902 1847 legibue,

153 1857 287 1906 acta
320 1850 606 1907 Caesaris
635 1850 889 1908 dissolvi
916 1852 1227 1908 ferendum
1259 1870 1376 1909 non
1406 1858 1570 1928 puto,
1934 1850 2010 1907 20

227 1934 279 1987 8.
332 1931 503 2002 Quae
538 1930 635 1987 lex
676 1930 905 2001 melior,
938 1931 1158 2001 utilior,
1191 1933 1420 2007 optima
1460 1932 1644 1989 etiam
1693 1948 1756 1988 re
1800 1948 1905 2006 pu-

154 2008 306 2066 blica
329 2009 574 2084 saepius
598 2009 874 2084 flagitata
895 2028 1074 2085 quam
1100 2029 1175 2067 ne
1198 2012 1535 2087 praetoriae
1557 2011 1903 2086 provinciae

152 2089 283 2163 plus
313 2107 496 2165 quam
531 2107 752 2145 annum
784 2108 932 2146 neve
974 2091 1111 2165 plus
1141 2109 1322 2164 quam
1355 2092 1663 2148 biennium
1694 2108 1906 2147 consu-

153 2168 306 2227 lares
355 2167 815 2227 obtinerentur?
902 2169 1038 2227 Hac
1080 2171 1213 2245 lege
1257 2172 1499 2228 sublata
1542 2170 1901 2227 videnturne

152 2250 324 2306 vobis
351 2267 533 2324 posse
569 2250 849 2329 Caesaris
893 2256 1029 2309 acta
1066 2249 1341 2308 servari?
1428 2248 1631 2323 Quid?
1716 2249 1901 2324 Lege,
1934 2249 2009 2306 25

153 2346 302 2401 quae
332 2331 721 2404 promulgata
751 2337 845 2387 est
872 2331 945 2388 de
974 2332 1159 2399 tertia
1198 2331 1439 2390 decuria
1467 2348 1664 2387 nonne
1696 2347 1904 2386 omnes

154 2409 502 2479 judiciariae
561 2409 726 2483 leges
785 2410 1064 2468 Caesaris
1120 2407 1579 2469 dissolvuntur?
1665 2409 1748 2467 Et
1792 2426 1904 2465 vos

154 2493 286 2543 acta
336 2488 622 2546 Caesaris
671 2489 1009 2559 defenditiS,
1054 2492 1156 2564 qui
1206 2492 1372 2566 leges
1414 2492 1541 2564 ejus
1583 2486 1902 2547 evertitis?

156 2565 289 2622 Nisi
319 2568 492 2636 forte,
526 2568 579 2624 si
612 2569 752 2642 quid
784 2571 1107 2626 memoriae
1137 2589 1322 2627 causa
1351 2571 1590 2627 rettulit
1632 2571 1696 2626 in
1738 2569 1903 2625 libel-

155 2644 293 2713 lum,
318 2647 379 2703 id
412 2649 827 2703 numerabitur
856 2650 916 2704 in
948 2650 1100 2706 actis
1129 2655 1206 2720 et,
1232 2650 1513 2725 quamvis
1543 2651 1814 2724 iniquum
1844 2653 1905 2704 et
1936 2649 2009 2704 30

155 2722 360 2782 inutile
386 2727 484 2793 sit,
511 2726 900 2785 defendetur:
932 2730 1091 2802 quod
1122 2729 1195 2786 ad
1226 2730 1518 2804 populum
1549 2729 1905 2786 centuriatis

157 2805 417 2862 comitiis
464 2806 624 2874 tulit,
671 2806 730 2863 id
778 2807 838 2863 in
883 2809 1035 2864 actis
1080 2808 1361 2867 Caesaris
1404 2827 1523 2866 non
1565 2808 1899 2866 habebitur.

157 2881 248 2939 At
285 2902 438 2958 quae
487 2893 583 2941 est
625 2886 744 2942 ista
785 2888 965 2943 tertia
1008 2886 1293 2945 decuria?
1395 2888 1905 2957 ‘Centurionum,’

158 2961 364 3036 inquit.
429 2963 632 3036 Quid?
678 2965 792 3022 Isti
810 2967 1002 3022 ordini
1015 2968 1325 3041 judicatus
1348 2968 1483 3041 lege
1504 2968 1545 3024 J
1550 2968 1693 3036 ulia,
1719 2967 1905 3024 etiam

159 3049 296 3098 ante
321 3042 629 3118 Pompeia,
657 3044 907 3101 Aurelia
926 3063 1043 3102 non
1070 3045 1366 3121 patebat?
1438 3054 1450 3077 ⁴
1475 3048 1711 3105 Census
1740 3064 1905 3120 prae·
1935 3043 2008 3099 35

162 3119 733 3195 finiebatur‚'in·quit.
777 3124 835 3180 N
841 3142 916 3180 on
936 3127 1268 3182 centurioni
1284 3127 1528 3199 quidem
1542 3126 1754 3193 solum,
1777 3124 1903 3193 sed,

159 3200 343 3273 equiti
363 3203 544 3258 etiam
566 3202 848 3259 Romano
867 3224 881 3277 ;
914 3204 1119 3278 itaque
1140 3206 1253 3261 viri
1274 3206 1586 3261 fortissimi
1612 3210 1789 3275 atque
1806 3202 1906 3258 ho-

163 3280 505 3350 nestissimi,
540 3282 645 3356 qui
680 3283 920 3339 ordines
960 3284 1277 3353 duxerunt,
1308 3302 1404 3341 res
1433 3291 1495 3340 et
1526 3283 1801 3355 judicant
1843 3286 1905 3335 et

152 3357 591 3430 judicaverunt.
649 3367 660 3390 ⁴
681 3361 737 3417 N
743 3379 820 3418 on
839 3365 1083 3436 quaero'
1100 3364 1292 3435 inquit
1317 3368 1328 3395 ‘
1345 3362 1523 3417 istos:
1546 3359 1905 3431 quicumque
