2284 3717
549 149 637 196 m
686 150 1208 197 L.cA·r1L1NAM
1259 150 1537 199 oaxrro
1587 152 1635 200 1.
1946 136 2028 203 17

173 311 369 382 potes;
412 327 539 367 non
582 308 786 378 feram,
818 326 939 365 non
981 309 1195 384 patiar,
1228 326 1350 365 non
1388 309 1604 368 sinam.
1691 310 1924 385 Magna

174 384 260 441 dis
297 388 740 446 immortalibus
783 388 1058 446 habenda
1086 395 1183 445 est
1213 395 1394 464 atque
1440 389 1577 448 huic
1613 391 1727 466 ipsi
1769 390 1919 448 ‚lovi

175 462 405 537 Statori,
452 469 881 545 antiquissimo
937 468 1174 525 custodi
1231 469 1413 542 hujus
1470 471 1654 539 urbiS,
1699 471 1914 544 gratia,

172 547 318 616 quod
372 547 529 607 hanc
588 554 718 604 tam
766 555 1040 617 taetram,
1087 554 1216 604 tam
1276 548 1625 607 horribilem
1671 556 1918 625 tamque

169 621 440 684 infestam
468 628 559 684 rei
604 628 877 702 publicae
917 633 1150 702 pestem
1181 630 1366 685 toties
1393 630 1523 702 jam
1554 629 1916 704 effugimus:
1987 629 2024 687 5

171 719 279 759 non
306 713 397 763 est
438 709 687 783 saepius
730 708 791 764 in
835 725 952 763 uno
995 707 1239 763 homine
1279 722 1519 765 summa
1561 709 1726 766 salus
1771 709 1921 784 peri-

169 782 424 843 clitanda
460 788 545 844 rei
592 787 881 861 publicae.
971 787 1169 858 Quam
1210 787 1316 844 diu
1357 788 1511 844 mihi
1551 788 1784 846 consuli
1823 790 1921 847 de-

167 864 415 937 signate,
472 867 760 937 Catilina,
822 865 1143 924 insidiatus
1202 883 1285 937 ee,
1342 884 1463 924 non
1521 869 1762 942 publico
1821 886 1917 926 me

167 945 474 1018 praesidio,
549 947 656 1004 sed
731 947 975 1022 privata
1042 946 1364 1020 diligentia
1432 947 1711 1021 defendi3
1781 965 1918 1005 cum

164 1025 443 1098 proximis
500 1026 763 1084 comitiis
824 1026 1243 1083 consularibus
1316 1043 1411 1083 me
1477 1027 1785 1084 consulem
1855 1027 1918 1084 in
1952 1030 2023 1086 10

165 1120 365 1179 campo
393 1111 458 1163 et
487 1107 913 1181 competitores
943 1112 1082 1162 tuos
1111 1105 1441 1163 interficere
1474 1107 1737 1177 voluisti,
1764 1124 1919 1164 com-

164 1185 348 1257 pressi
387 1194 644 1243 conatus
674 1192 814 1243 tuos
845 1186 1105 1242 nefarios
1148 1187 1479 1242 amicorum
1520 1188 1823 1261 praesidio
1853 1192 1917 1244 et

163 1265 360 1338 copiis,
405 1267 574 1322 nullo
630 1265 899 1322 tumultu
953 1266 1191 1340 publice
1240 1266 1579 1339 concitato;
1641 1267 1915 1341 denique,

163 1344 653 1420 quotiescumque
683 1363 778 1401 me
806 1345 1036 1418 petisti,
1068 1363 1177 1419 per
1200 1363 1296 1402 me
1319 1344 1434 1406 tibi
1463 1346 1690 1416 obstiti,
1712 1364 1918 1420 quam-

161 1441 336 1497 quam
363 1425 644 1482 videbam
672 1426 996 1500 perniciem
1023 1443 1219 1481 meam
1250 1442 1387 1483 cum
1417 1443 1642 1500 magna
1681 1426 1918 1482 calami·
1950 1427 2022 1485 15

159 1506 278 1560 tate
315 1505 402 1560 rei
429 1505 707 1580 publicae
738 1521 870 1562 esse
904 1506 1321 1579 conjunctam:
1365 1523 1524 1562 nunc
1553 1507 1682 1578 jam
1710 1513 1917 1580 aperte

157 1598 275 1640 rem
301 1585 615 1659 publicam
644 1585 989 1641 universam
1031 1584 1188 1660 petis
1216 1605 1230 1658 ;
1274 1585 1502 1660 templa
1537 1586 1784 1642 deorum
1814 1586 1919 1641 im-

160 1665 523 1734 mortalium,
549 1670 710 1721 tecta
738 1664 920 1736 urbis,
955 1664 1144 1720 vitam
1182 1664 1450 1721 omnium
1482 1665 1721 1735 civium,
1752 1664 1918 1722 Itali-

158 1758 254 1799 am
281 1744 543 1819 denique
572 1749 769 1800 totam
812 1745 889 1801 ad
930 1743 1183 1800 exitium
1226 1762 1297 1802 ac
1330 1744 1680 1802 vastitatem
1714 1762 1911 1802 vocas,

159 1821 355 1894 Quare
385 1824 676 1899 quoniam
720 1823 799 1892 id,
831 1823 990 1906 Quod
1021 1829 1116 1880 est
1154 1825 1415 1899 primum
1446 1829 1509 1881 et
1538 1825 1701 1898 quod
1738 1824 1917 1899 hujus
1946 1826 2024 1883 20

157 1900 388 1977 imperii
420 1881 1217 1980 disciplinaequeimajfflum
1251 1904 1561 1979 proprium
1582 1910 1694 1973 est,
1722 1904 1915 1962 facere
1938 1926 1961 1937 ··

154 1984 426 2041 nondum
464 1984 672 2053 audeo,
705 1981 922 2040 faciam
960 1983 1040 2052 id,
1072 1984 1235 2057 quod
1276 1989 1371 2040 est
1410 1984 1487 2040 ad
1529 1984 1916 2042 severitatem

155 2060 349 2119 lenius
379 2069 445 2120 et
474 2063 553 2121 ad
587 2080 963 2121 communem
1003 2063 1263 2119 salutem
1292 2063 1536 2120 utilius:
1580 2082 1721 2119 nam
1764 2064 1816 2120 si
1854 2069 1914 2121 te

155 2140 409 2201 interfici
447 2143 703 2216 jussam,
735 2142 1023 2199 residebit
1050 2142 1114 2198 in
1155 2160 1218 2199 re
1251 2143 1495 2217 publica
1524 2144 1754 2218 reliqua
1782 2161 1917 2200 con-

153 2221 499 2294 juratorum
555 2238 807 2294 manus3
870 2221 965 2278 sin
1025 2227 1112 2291 tn,
1165 2222 1326 2296 quod
1380 2227 1441 2279 te
1498 2224 1630 2294 ‚iam
1686 2224 1914 2280 dudum
1945 2225 2018 2281 25

153 2299 381 2372 hortor,
415 2302 649 2371 exieris,
674 2301 1064 2358 exhaurietur
1090 2318 1167 2358 ex
1196 2302 1338 2359 urbe
1362 2307 1602 2358 tuorum
1624 2303 1913 2360 comitum

152 2399 376 2456 magna
405 2388 470 2438 et
496 2381 834 2457 perniciosa
861 2381 1101 2437 sentina
1130 2381 1215 2437 rei
1245 2382 1534 2456 publicae.
1613 2382 1773 2455 Quid
1802 2388 1914 2453 est,

155 2458 478 2518 Catilina?
562 2460 728 2517 Num
779 2461 1019 2517 dubitas
1074 2460 1135 2518 id
1186 2478 1280 2517 me
1326 2461 1657 2537 imperante
1701 2463 1912 2533 facere,

150 2542 313 2616 quod
339 2543 477 2616 jam
506 2545 616 2598 tua
645 2546 859 2616 sponte
890 2538 1194 2598 faciebas?
1267 2540 1447 2598 Exire
1476 2559 1551 2598 ex
1577 2542 1721 2599 urbe
1742 2542 1918 2616 jubet

148 2622 360 2679 consul
413 2620 688 2677 hostem:
747 2620 1084 2694 interrogas
1141 2637 1254 2689 me,
1299 2638 1446 2677 num
1487 2621 1550 2678 in
1591 2620 1913 2680 exsilium?
1946 2624 2021 2681 30

147 2698 289 2758 Non
308 2701 538 2776 jube03
582 2700 705 2771 sed,
732 2700 783 2756 si
813 2717 909 2757 me
939 2700 1222 2768 consulis,
1255 2702 1496 2758 suadeo,
1790 2765 1794 2769 ,
1989 2720 1993 2723 ⁴

232 2784 282 2839 6.
335 2779 506 2853 Quid
550 2785 645 2836 est
685 2780 864 2849 enim,
904 2779 1187 2848 Catilina,
1228 2780 1389 2854 quod
1431 2786 1492 2837 te
1524 2783 1655 2855 jam
1698 2780 1758 2839 in
1802 2780 1917 2841 hac

151 2860 292 2917 urbe
324 2859 630 2917 delectare
661 2857 900 2934 possit?
970 2860 1046 2917 In
1075 2877 1197 2934 qua
1221 2877 1394 2917 nemo
1418 2865 1513 2917 est
1532 2866 1704 2918 extra
1733 2862 1917 2920 istam

146 2939 638 3016 conjurationem
663 2938 1037 3014 perditorum
1076 2938 1387 2996 hominum
1419 2940 1521 3014 qui
1551 2946 1612 2998 te
1643 2959 1762 2998 non
1800 2960 1918 2999 me·

147 3023 300 3088 tuat,
336 3036 522 3077 nemo
552 3018 655 3094 qui
699 3037 820 3076 non
862 3019 1070 3076 oderit.
1160 3019 1331 3092 Quae
1371 3025 1517 3077 nota
1548 3021 1916 3079 domesticae
1946 3016 2021 3077 35

148 3098 558 3176 turpitudinis
589 3115 709 3155 non
737 3099 945 3155 inusta
966 3098 1131 3155 vitae
1156 3104 1294 3156 tuae
1317 3097 1449 3156 est?
1516 3100 1693 3173 Quod
1721 3100 1918 3175 priva-

145 3182 357 3235 tarum
395 3194 597 3234 rerum
629 3178 890 3235 dedecus
933 3195 1051 3233 non
1098 3177 1308 3234 haeret
1350 3178 1412 3234 in
1455 3177 1659 3235 fama?
1746 3178 1917 3248 Quae

50 3289 54 3298 =
147 3255 340 3316 libido
389 3258 466 3314 ab
510 3257 716 3326 oculis,
754 3257 915 3331 quod
960 3257 1190 3313 facinus
1235 3274 1269 3312 a
1306 3257 1587 3311 manibus
1631 3270 1918 3325 umquam

144 3338 289 3410 tuis,
323 3335 845 3469 quozdffflagitium
893 3354 929 3393 a
958 3340 1089 3392 toto
1131 3352 1375 3408 corpore
1419 3327 1617 3389 afuit?
1703 3329 1819 3386 Cui
1847 3334 1917 3388 tu

528 3434 594 3469 ιο.
1611 3449 1614 3452 ,
