2284 3717
609 198 694 245 m
747 197 1269 247 {honustum
1313 200 1596 246 ouAmo
1651 199 1696 247 1.
2001 184 2084 247 23

206 355 419 414 Mosne
452 356 803 432 majorum?
875 357 965 415 At
991 374 1280 433 persaepe
1302 358 1489 415 etiam
1518 357 1743 433 privati
1772 357 1834 414 in
1865 356 1980 415 hae

202 453 263 492 re
294 439 540 511 publica
566 438 944 513 perniciosos
964 439 1132 494 cives
1164 445 1353 495 morte
1385 439 1813 496 multaverunt.
1875 439 1979 495 An

203 515 385 590 leges,
406 537 569 593 quae
601 518 676 574 de
705 518 931 574 civium
965 517 1380 574 Romanorum
1415 519 1707 594 supplicio
1731 525 1978 592 rogatae

202 596 387 654 sunt?
450 599 544 655 At
575 615 902 671 numquam
937 598 1000 652 in
1030 596 1143 653 hac
1173 597 1316 655 urbe
1341 598 1440 672 qui
1470 617 1509 655 a
1532 616 1593 654 re
1621 598 1862 673 publica
1884 597 1980 654 de-

211 676 477 733 fecerunt
501 678 730 734 civium
759 679 901 749 jura
922 682 1263 734 tenuerunt.
1324 680 1429 733 An
1458 678 1754 734 invidiam
1783 685 1980 753 poste·
2047 678 2082 734 5

202 755 401 812 ritatis
452 755 683 814 times?
706 755 739 823 Ἰ
785 756 1166 813 Praeclaram
1221 774 1359 813 vero
1422 757 1645 832 populo
1697 758 1979 814 Romano

207 836 389 893 refers
436 837 725 911 gratiam,
769 836 875 910 qui
916 843 976 892 te
1029 835 1335 893 homiuem
1386 854 1494 911 per
1539 843 1601 893 te
1646 837 1976 912 cognitum,

205 916 369 971 nulla
390 916 922 973 commendatione
959 917 1274 989 maiorum,
1302 924 1425 972 tam
1456 924 1691 973 mature
1717 918 1793 974 ad
1824 933 1979 972 sum-

205 1010 369 1051 mum
410 996 737 1070 imperium
768 1013 873 1068 per
901 1013 1111 1052 omnes
1157 995 1451 1052 honorum
1481 996 1709 1070 gradus
1735 996 1972 1066 extulit,

203 1075 255 1129 si
287 1084 538 1151 propter
568 1075 833 1132 invidiae
866 1083 973 1132 ant
1001 1076 1256 1149 alicujfls
1285 1076 1530 1151 periculi
1565 1083 1794 1132 metum
1824 1076 1979 1133 salu·
2010 1077 2083 1131 10

204 1159 325 1209 tem
349 1156 580 1212 civium
606 1162 846 1211 tuorum
872 1155 1151 1229 negligis.
1214 1155 1332 1212 Sed
1357 1156 1411 1211 si
1437 1156 1571 1230 quis
1591 1159 1691 1212 e'st
1713 1156 1975 1212 invidiae

204 1241 423 1304 metus,
462 1253 603 1290 nuni
644 1246 745 1291 est
782 1234 1206 1292 vehementius
1248 1236 1597 1300 severitatis
1637 1253 1707 1292 ac
1749 1235 1980 1292 fortitu·

203 1312 364 1370 dinis
427 1314 664 1371 invidia
707 1332 887 1388 quam
934 1315 1186 1371 inertiae
1247 1333 1316 1371 ac
1357 1315 1662 1390 nequitiae
1704 1316 1979 1390 pertime-

203 1391 480 1451 scenda?
539 1395 641 1450 An
665 1412 804 1449 cum
828 1394 985 1450 bello
1010 1394 1355 1451 vastabitur
1377 1395 1576 1463 Italia,
1600 1396 1979 1451 vexabuntur

207 1474 404 1542 urbes,
433 1479 597 1529 tecta
626 1474 941 1544 ardebunt,
968 1483 1095 1530 tum
1129 1480 1189 1532 te
1221 1492 1344 1531 non
1369 1475 1687 1531 existimas
1715 1475 1976 1531 invidiae
2009 1476 2082 1533 15

207 1552 491 1610 incendio
519 1552 1029 1627 conflagraturum
1050 1552 1076 1612 :2
1095 1556 1127 1586 '’
1389 1623 1392 1626 ¹

290 1635 380 1690 12.
440 1631 560 1689 His
590 1650 710 1706 ego
747 1634 1154 1690 sanctissimis
1192 1634 1276 1691 rei
1324 1634 1602 1709 publicae
1633 1635 1881 1692 vocibus
1916 1639 1978 1693 et

203 1730 420 1768 eorum
467 1711 798 1782 hominum,
827 1714 933 1788 qui
983 1714 1095 1771 hoc
1138 1714 1292 1783 idem
1337 1715 1628 1784 sentiunt,
1671 1716 1976 1771 mentibus

208 1809 411 1866 pauca
452 1793 858 1867 respondebo:
899 1811 1034 1867 egO,
1056 1794 1110 1849 si
1155 1793 1267 1850 hoc
1299 1795 1593 1868 optimum
1625 1794 1786 1851 factu
1824 1794 1979 1868 judi-

204 1889 429 1940 carem,
471 1881 675 1946 patres
715 1873 1057 1946 conscripti,
1094 1872 1423 1931 Catilinam
1472 1880 1663 1930 morte
1713 1873 1971 1944 multari,
2006 1876 2081 1931 20

209 1952 395 2007 unius
426 1969 672 2007 usuram
706 1951 885 2009 horae
910 1952 1236 2026 gladiatori
1267 1954 1369 2009 isti
1400 1953 1475 2010 ad
1503 1954 1830 2010 vivendum
1856 1971 1977 2010 non

206 2030 548 2103 dedissem3
584 2032 809 2087 etenim
841 2033 896 2089 si
922 2032 1141 2088 summi
1177 2038 1242 2089 et
1267 2033 1589 2089 clarissimi
1621 2033 1735 2089 viri
1770 2032 1979 2090 Satur-

209 2111 342 2166 nini
370 2117 435 2167 et
466 2111 876 2168 Gracchorum
900 2118 966 2168 et
996 2111 1197 2168 Flacci
1223 2118 1287 2169 et
1312 2113 1684 2187 superiorum
1714 2112 1979 2186 complu-

211 2190 369 2246 rium
401 2191 700 2264 sanguine
731 2190 850 2247 non
881 2192 1060 2248 modo
1085 2209 1149 2248 se
1180 2210 1300 2248 non
1327 2194 1836 2261 contaminarunt,
1869 2192 1975 2249 sed

207 2271 400 2326 etiam
440 2269 857 2340 honestarunt,
880 2278 1043 2328 certe
1074 2272 1402 2328 verendum
1433 2272 1580 2328 mihi
1607 2289 1725 2327 non
1743 2278 1879 2329 erat
1902 2290 1975 2328 ne
2006 2274 2081 2329 25

208 2349 358 2424 quid
390 2348 502 2406 hoc
525 2350 825 2423 parricida
842 2350 1069 2407 civium
1099 2350 1412 2408 interfecto
1443 2351 1706 2408 invidiae
1737 2351 1889 2408 mihi
1913 2353 1976 2408 in

210 2430 635 2504 posteritatem
674 2430 1070 2503 redundaret3
1117 2432 1283 2505 quod
1321 2430 1373 2487 si
1408 2449 1482 2487 ea
1522 2431 1670 2487 mihi
1716 2432 1976 2487 maxime

212 2508 605 2583 impenderet,
644 2515 851 2566 tamen
895 2510 1008 2568 hoc
1053 2511 1255 2566 animo
1297 2528 1534 2585 semper
1575 2510 1678 2581 fui,
1720 2517 1789 2567 ut
1832 2511 1978 2567 invi-

209 2589 377 2646 diam
406 2590 626 2646 virtute
650 2597 884 2663 partam
907 2590 1182 2663 gloriam,
1205 2607 1325 2645 non
1350 2590 1645 2647 invidiam
1666 2598 1975 2665 putarem3

210 2686 586 2744 quamquam
632 2669 905 2725 nonnulli
942 2676 1087 2725 sunt
1120 2670 1183 2725 in
1234 2669 1346 2726 hoc
1373 2671 1599 2736 ordine,
1627 2671 1732 2745 qui
1774 2676 1879 2727 aut
1904 2689 1979 2727 ea
2008 2671 2081 2727 30

208 2766 366 2823 quae
396 2748 719 2805 imminent
749 2766 867 2805 non
900 2749 1162 2818 videant,
1190 2755 1297 2806 aut
1337 2768 1411 2816 ea
1442 2768 1592 2824 quae
1626 2750 1833 2806 vident
1859 2751 1978 2807 dis-

211 2828 534 2900 simulent3
589 2828 692 2903 qui
739 2846 906 2904 spem
960 2828 1263 2887 Catilinae
1314 2830 1600 2886 mollibus
1658 2832 1976 2887 sententiis

210 2908 495 2965 aluerunt
521 2908 1115 2982 coniurationemque
1154 2916 1497 2965 nascentem
1530 2926 1649 2965 non
1675 2910 1975 2966 credendo

207 2988 782 3059 corroboraverunt3
823 3006 1081 3062 quorum
1112 2990 1535 3045 auctoritatem
1575 2990 1765 3046 secuti
1797 2989 1972 3046 multi

213 3084 330 3124 non
358 3067 561 3123 solum
593 3067 864 3141 improbi,
896 3085 1100 3124 verum
1119 3068 1309 3124 etiam
1334 3069 1612 3143 imperiti,
1640 3069 1693 3125 si
1727 3069 1786 3124 in
1819 3068 1975 3126 hunc
2006 3066 2079 3122 35

210 3145 800 3216 animadvertissem,
824 3147 1148 3204 crudeliter
1178 3154 1239 3204 et
1272 3149 1433 3222 regie
1463 3148 1689 3203 factum
1731 3164 1864 3203 esse
1895 3148 1979 3203 di-

207 3232 430 3284 cerent·
505 3224 563 3281 N
570 3244 683 3282 unc
714 3226 1002 3300 intelligO,
1027 3228 1078 3283 si
1109 3227 1241 3296 iste,
1268 3246 1385 3301 quo
1417 3228 1690 3291 intendit,
1712 3227 1774 3281 in
1808 3225 1979 3281 Man·

211 3303 375 3363 liana
417 3310 623 3362 castra
666 3307 1023 3380 pervenerit,
1055 3306 1357 3362 neminem
1391 3312 1517 3361 tam
1565 3304 1818 3359 stultum
1851 3303 1975 3355 fore

210 3385 315 3461 qui
344 3403 471 3443 non
496 3385 706 3441 videat
735 3386 1210 3459 conjurationem
1241 3401 1374 3439 esse
1405 3384 1645 3448 factam,
1678 3379 1976 3433 neminem
