2284 3717
28 0 339 243 Λ
751 144 823 191 Μ.
858 144 1116 191 'runnu
1153 127 1568 202 *monnoms

413 303 463 359 8.
512 300 681 358 Haec
724 301 777 357 si
806 306 1024 372 tecum,
1060 307 1126 357 ut
1155 302 1297 371 dixi,
1329 302 1529 377 patria
1563 301 1860 376 loquatur,
1893 319 2089 359 nonne

328 378 654 453 impetrare
679 382 910 451 debeat,
933 381 1118 438 etiam
1149 382 1201 438 si
1232 383 1357 439 vim
1390 381 1671 438 adhibere
1702 399 1818 437 non
1852 379 2087 456 possit?

332 459 510 531 Quid,
544 461 705 535 quod
746 468 810 517 tu
842 468 902 518 te
943 461 1070 536 ipse
1101 461 1161 517 in
1192 462 1531 518 custodiam
1562 459 1826 518 dedisti?
1914 462 2086 533 Quod

326 540 614 596 vitandae
647 541 1007 615 suspicionis
1039 559 1225 597 causa
1254 542 1331 598 ad
1372 541 1473 598 Μ’.
1510 540 1804 616 Lepidum
1834 545 1894 597 te
1926 540 2089 597 habi-

262 620 296 676 5
328 623 456 675 tare
482 620 633 677 velle
659 619 909 677 dixisti?
969 621 1028 678 A
1060 638 1178 694 quo
1209 638 1329 677 non
1359 629 1634 694 receptus
1663 621 1850 677 etiam
1883 621 1959 677 ad
1993 638 2085 677 me

326 699 529 756 venire
561 717 746 757 ausus
776 718 858 768 eS,
893 706 1072 774 atque
1106 706 1173 757 ut
1201 701 1364 756 domi
1408 718 1574 756 meae
1615 706 1674 757 te
1706 700 2085 757 adservarem

325 780 554 851 rogasti
580 800 593 836 :
638 798 774 836 cum
804 797 840 835 a
862 798 954 836 me
980 797 1215 854 quoque
1241 781 1298 836 id
1322 797 1679 854 responsum
1703 780 1969 849 tulisses,
1993 798 2085 837 me

324 858 488 914 nullo
520 861 696 917 modo
726 876 903 934 posse
934 860 1122 916 isdem
1163 860 1494 934 parietibus
1528 866 1663 916 tuto
1692 876 1823 915 esse
1865 866 2082 929 tecum,

326 938 430 1010 qui
471 956 695 1013 magno
725 940 785 994 in
817 939 1082 1013 periculo
1112 957 1326 1010 essem,
1356 939 1519 1013 quod
1548 940 1742 995 isdem
1772 939 2086 995 moenibus

222 1017 294 1072 10
325 1018 782 1088 contineremur,
816 1018 890 1074 ad
924 1019 990 1091 Q.
1025 1018 1342 1074 Metellum
1372 1025 1711 1093 praetorem
1746 1019 2008 1091 venisti3
2051 1036 2087 1075 a

325 1113 443 1169 quo
486 1099 835 1172 repudiatus
882 1098 957 1154 ad
989 1098 1259 1154 sodalem
1301 1103 1491 1167 tuum,
1525 1100 1723 1154 virum
1768 1098 2081 1171 optimum,
2197 1085 2259 3709 Ξ

324 1174 407 1232 Μ.
443 1176 799 1234 Marcellum
830 1178 1224 1252 demigrasti3
1268 1195 1447 1251 quem
1488 1184 1555 1234 tu
1591 1177 1875 1234 videlicet
1912 1185 1976 1235 et
2006 1178 2084 1235 ad

323 1256 780 1314 custodiendum
805 1263 864 1313 te
889 1257 1425 1331 diligentissimum
1450 1264 1511 1314 et
1541 1257 1619 1314 ad
1651 1257 2083 1331 suspicandum

322 1337 789 1409 sagacissimum
833 1344 895 1394 et
933 1337 1009 1393 ad
1049 1338 1479 1393 vindicandum
1521 1337 1918 1393 fortissimum
1958 1338 2082 1395 fore

220 1416 289 1471 15
321 1417 571 1488 putasti.
662 1417 781 1474 Sed
813 1435 993 1491 quam
1026 1417 1205 1491 longe
1238 1417 1477 1474 videtur
1506 1434 1542 1472 a
1570 1433 1804 1473 carcere
1836 1425 2015 1491 atque
2049 1435 2085 1474 a

322 1493 580 1553 vinculis
611 1497 820 1553 abesse
851 1497 1083 1566 debere,
1117 1497 1222 1571 qui
1251 1515 1314 1553 se
1343 1497 1471 1572 ipse
1513 1497 1639 1569 jam
1672 1496 1926 1569 dignum
1956 1514 2085 1553 cus-

318 1575 490 1631 todia
528 1575 859 1650 judicarit?
946 1577 1114 1649 Quae
1143 1595 1281 1633 cum
1311 1577 1397 1632 ita
1426 1576 1563 1642 sint,
1601 1575 1880 1644 Catilina,
1914 1576 2083 1632 dubi-

319 1658 432 1723 tas,
460 1654 511 1710 si
541 1656 727 1713 emori
753 1674 943 1731 aequo
969 1655 1171 1711 animo
1196 1674 1314 1712 non
1341 1661 1533 1730 potes,
1561 1655 1720 1711 abire
1746 1656 1807 1711 in
1838 1655 2080 1730 aliquas

324 1736 511 1790 terras
546 1742 608 1791 et
636 1736 825 1793 vitam
868 1736 1066 1806 istam,
1101 1735 1309 1792 multis
1351 1735 1659 1810 suppliciis
1696 1734 1883 1808 justis
1921 1735 2084 1792 debi-

215 1813 289 1868 20
319 1812 516 1888 tisque
548 1827 833 1889 ereptam,
865 1816 1043 1889 fugae
1075 1815 1503 1890 solitudinique
1534 1811 1863 1871 mandare?

403 1897 435 1922 “
459 1894 690 1951 Refer'’
718 1895 919 1970 inquis
951 1901 983 1925 “
1006 1895 1081 1951 ad
1107 1906 1387 1952 senatum
1407 1915 1420 1967 ;
1438 1897 1470 1927 ”
1509 1894 1573 1950 id
1597 1895 1760 1951 enim
1785 1893 2076 1967 postulaS,

317 1976 381 2027 et
422 1973 471 2029 si
516 1974 613 2031 hic
644 1976 788 2032 ordo
831 1978 1062 2050 placere
1093 1975 1427 2031 decreverit
1455 1980 1513 2030 te
1552 1974 1635 2029 ire
1678 1974 1742 2029 in
1780 1974 2076 2044 exsilium,

317 2052 870 2128 obtemperaturum
894 2061 953 2112 te
976 2072 1109 2111 esse
1134 2055 1299 2111 dicis,
1370 2053 1427 2109 N
1435 2071 1509 2109 on
1534 2053 1804 2122 referam,
1825 2053 1888 2109 id
1914 2054 2079 2127 quod

317 2131 600 2190 abhorret
630 2153 664 2190 a
693 2136 843 2190 meis
873 2135 1157 2204 moribuS,
1190 2142 1253 2192 et
1348 2151 1484 2190 men
1517 2132 1727 2189 faciam
1764 2137 1831 2188 ut
1864 2132 2082 2190 intelli-

211 2211 284 2266 25
316 2228 428 2283 gas
457 2213 600 2286 quid
631 2213 693 2270 hi
724 2215 796 2271 de
828 2219 886 2270 te
918 2214 1198 2271 sentiant.
1319 2213 1590 2287 ,gredere
1620 2230 1695 2268 ex
1722 2212 1887 2280 urbe,
1916 2211 2082 2269 Cati-

316 2289 452 2360 lina,
488 2292 675 2349 libera
703 2311 828 2350 rem
859 2294 1160 2368 publicam
1197 2298 1379 2362 metu,
1411 2292 1472 2348 in
1508 2292 1805 2360 exsilium,
1840 2292 1890 2347 si
1922 2291 2079 2350 hanc

316 2386 523 2427 vocem
562 2383 894 2446 exspectaS,
927 2374 1314 2448 proficiscere.
1409 2372 1567 2444 Quid
1615 2378 1725 2440 est,
1761 2370 2076 2430 Catilina?

316 2447 552 2524 Ecquid
600 2453 882 2523 attendiS,
915 2453 1128 2528 ecquid
1175 2452 1611 2510 animadvertis
1651 2450 1865 2507 horum
1904 2450 2080 2509 silen-

316 2528 511 2587 tium?
599 2532 942 2602 Patiuntur,
968 2538 1188 2589 tacent.
1278 2532 1436 2605 Quid
1481 2536 1796 2605 exspectas
1826 2532 2081 2588 auctori-

207 2611 282 2666 30
311 2613 499 2666 tat-em
519 2612 911 2687 loquentium,
933 2629 1187 2686 quorum
1208 2613 1585 2667 voluntatem
1606 2610 1928 2667 tacitorum
1948 2628 2079 2684 per-

313 2688 538 2761 spicis?
624 2693 713 2749 At
742 2691 793 2747 si
834 2691 947 2748 hoc
975 2692 1135 2748 idem
1165 2691 1306 2747 -huic
1342 2690 1708 2747 adolescenti
1739 2690 1967 2764 optimo
2000 2690 2072 2750 P.

314 2767 532 2839 SestiO,
566 2771 616 2827 si
648 2771 976 2828 fortissimo
1006 2772 1136 2828 viro
1169 2770 1253 2828 M.
1288 2769 1573 2827 Marcello
1604 2769 1910 2838 dixissem,
1943 2771 2077 2842 jam

311 2849 459 2905 mihi
490 2851 721 2907 consuli
753 2851 865 2907 hoc
888 2852 1020 2925 ipso
1049 2852 1113 2907 in
1142 2850 1368 2924 templo
1405 2856 1655 2906 senatus
1683 2850 1815 2921 jure
1846 2849 2075 2923 optimo

310 2929 436 2984 vim
459 2936 521 2985 et
544 2948 760 2987 manus
791 2915 1265 3012 intulissetJDe
1289 2937 1348 2986 te
1375 2936 1594 2997 autem,
1624 2927 1907 2996 Catilina,
1933 2945 2072 2986 cum

205 3008 278 3064 35
309 3008 643 3081 quiescunt,
670 3011 964 3083 probant3
1004 3028 1136 3067 cum
1169 3010 1498 3083 patiuntur,
1525 3008 1887 3080 decernunt3
1932 3026 2071 3066 cum

310 3092 530 3156 tacent,
556 3088 854 3162 clamant3
899 3107 1090 3163 neque
1122 3088 1182 3145 hi
1215 3088 1428 3157 solum,
1450 3104 1704 3163 quorum
1726 3087 1840 3144 tibi
1871 3094 2075 3145 aucto-

310 3164 456 3220 ritas
486 3174 581 3222 est
612 3167 889 3225 videlicet
918 3186 1071 3228 cara,
1106 3169 1234 3224 vita
1264 3168 1577 3237 vilissima,
1610 3168 1716 3224 sed
1751 3167 1937 3224 etiam
1982 3167 2072 3224 illi

311 3244 543 3314 equites
575 3245 854 3316 Roma-ni,
881 3247 1294 3303 honestissimi
1320 3256 1500 3322 atque
1531 3246 1744 3322 optimi
1767 3246 1898 3315 viri,
1919 3253 2074 3305 cete-

313 3318 480 3390 rique
502 3321 818 3380 fortissimi
847 3326 1027 3396 civeS,
1047 3327 1153 3401 qui
1182 3327 1577 3384 circumstant
1604 3332 1903 3402 senatum,
1928 3345 2073 3403 quo·
