2284 3717
249 122 374 186 136
769 139 843 185 u.
876 138 1136 185 'runnu
1184 138 1585 186 monnoms

431 296 521 353 29.
576 293 715 352 Non
770 295 976 364 time0,
1017 294 1273 368 judiceS,
1332 312 1406 352 ne
1464 295 1602 352 odio
1656 294 2116 353 inimicitiarum

350 369 620 431 mearum
663 373 1073 431 inflammatus
1130 374 1419 431 libentius
1463 375 1610 432 haec
1653 374 1717 431 in
1759 375 1935 432 illum
1980 394 2116 433 evo-

348 471 508 510 mere
553 454 761 510 videar
804 472 984 528 quam
1022 455 1241 510 veriuS.
1328 455 1569 510 Etenim
1623 455 1674 510 si
1719 456 2113 530 praecipuum

347 551 479 589 esse
512 534 784 603 debebat,
815 543 1020 589 tamen
1062 533 1150 590 ita
1177 534 1513 590 communis
1542 540 1671 590 erat
1706 535 1981 590 omnium
2014 535 2114 591 ille

283 614 317 670 5
351 611 563 682 hostiS,
596 620 663 668 ut
704 613 767 668 in
797 613 1099 669 communi
1139 613 1274 669 odio
1316 631 1505 687 paene
1549 613 1884 687 aequaliter
1913 632 2115 670 versa-

347 701 513 747 retur
541 692 747 748 odium
777 709 993 748 meum.
1079 691 1219 748 Non
1262 698 1465 765 potest
1492 692 1608 749 dici
1644 693 1813 762 satiS,
1847 711 1923 749 ne
1954 694 2114 766 cogi.-

347 772 464 826 tari
496 772 756 844 quidem,
781 780 1074 845 quantum
1103 772 1166 827 in
1196 770 1299 827 illo
1330 772 1586 842 sceleriS,
1612 778 1909 847 quantum
1939 772 2111 828 exitii

345 849 540 906 fuerit.
624 850 783 922 Quin
813 852 900 906 sic
941 851 1251 919 attendite,
1275 851 1544 923 judices:
1588 869 1802 924 nempe
1835 852 1986 908 haec
2015 856 2110 908 est

347 930 619 1003 quaestio
662 930 736 985 de
777 929 1027 986 interitu
1078 929 1144 986 P.
1191 929 1403 987 Clodii.
1488 931 1732 1004 Fingite
1792 931 2112 987 animis—-

245 1009 316 1065 10
345 1008 568 1065 liberae
612 1014 755 1065 sunt
783 1010 941 1064 enim
983 1014 1226 1065 nostrae
1270 1010 1673 1083 cogitationes
1715 1015 1778 1066 et
1821 1028 1982 1083 quae
2011 1027 2114 1066 vo-

346 1088 480 1143 lunt
508 1088 593 1144 sic
624 1089 949 1157 intuentur,
974 1094 1044 1144 ut
1072 1106 1143 1144 ea
1174 1089 1491 1159 cernimus,
1526 1107 1679 1163 quae
1711 1089 1992 1145 videmus
2009 1124 2105 1159 -,

347 1167 554 1240 fingite
578 1167 763 1241 igitur
784 1168 1154 1241 cogitatione
1178 1169 1508 1240 imaginem
1533 1169 1711 1241 hujus
1734 1168 2108 1224 condicionis

345 1264 534 1315 meae,
567 1247 619 1302 si
653 1247 882 1322 possim
910 1246 1134 1303 efficere
1166 1254 1234 1303 ut
1273 1247 1566 1304 Milonem
1608 1247 1967 1317 absolvatiS,
2001 1248 2107 1304 sed

345 1324 449 1395 ita,
474 1325 525 1381 si
556 1326 625 1382 P.
653 1326 903 1384 Clodius
932 1326 1230 1383 revixerit.
1306 1327 1466 1399 Quid
1492 1327 1666 1383 vultu
1688 1324 2106 1384 extimuistis?

242 1405 313 1462 15
348 1405 625 1477 Quonam
654 1406 834 1462 modo
864 1405 963 1461 ille
994 1423 1106 1462 vos
1137 1406 1316 1463 vivus
1347 1406 1622 1476 afficeret,
1647 1422 1800 1481 quos
1829 1412 2108 1463 mortuus

342 1484 510 1540 inani
551 1485 917 1558 cogitatione
974 1482 1316 1558 percussit?
1402 1484 1611 1557 Quid?
1699 1484 1762 1542 Si
1814 1485 1946 1559 ipse
1994 1485 2103 1543 On.

349 1563 692 1638 Pompeiu8‚
725 1564 829 1638 qui
859 1582 932 1620 ea
962 1564 1185 1620 virtute
1217 1582 1286 1620 ac
1316 1563 1562 1621 fortuna
1588 1569 1699 1634 est,
1732 1570 1804 1620 ut
1831 1583 1906 1621 ea
1935 1570 2109 1638 potu-

342 1643 459 1698 erit
487 1660 739 1718 semper,
771 1661 924 1717 quae
954 1660 1130 1699 nemo
1167 1649 1406 1717 praeter
1431 1643 1617 1712 illum,
1651 1643 1702 1699 si
1731 1644 1802 1713 is,
1834 1643 2104 1719 inquam,

346 1723 646 1794 potuisset
686 1729 790 1778 aut
819 1722 1234 1796 quaestionem
1266 1723 1339 1779 de
1382 1731 1574 1780 morte
1620 1723 1688 1780 P.
1719 1722 1920 1779 Clodii
1952 1724 2106 1780 ferre

241 1801 315 1856 20
347 1808 454 1856 aut
483 1802 678 1876 ipsum
726 1801 800 1857 ab
831 1802 1037 1858 inferis
1067 1802 1346 1870 excitare,
1380 1809 1579 1858 utrum
1623 1802 1855 1876 putatis
1899 1803 2105 1876 potius

346 1882 639 1937 facturum
668 1881 898 1936 fuisse?
974 1881 1176 1937 Etiam
1207 1882 1256 1937 si
1288 1890 1531 1955 propter
1561 1882 1892 1938 amicitiam
1920 1882 2106 1938 vellet

344 1959 511 2016 illum
545 1961 620 2016 ab
650 1961 856 2016 inferis
894 1978 1164 2029 evocare,
1195 1971 1439 2035 propter
1468 1978 1587 2016 rem
1636 1961 1940 2034 publicam
1987 1978 2106 2017 non

344 2040 600 2097 fecisset.
688 2040 838 2113 Ejus
894 2040 1078 2113 igitur
1121 2041 1331 2096 mortis
1376 2040 1600 2096 sedetis
1642 2040 1886 2108 ultores
1936 2043 2106 2113 cujus

344 2119 535 2175 vitam
567 2119 620 2174 si
649 2120 878 2194 putetis
912 2137 1018 2193 per
1047 2137 1157 2175 vos
1187 2119 1423 2176 restitui
1452 2136 1644 2193 posse,
1677 2119 1909 2189 nolitiS,
1940 2126 2006 2176 et
2033 2121 2105 2177 de

237 2197 312 2253 25
342 2199 470 2271 ejus
511 2216 653 2254 nece
685 2200 810 2255 lata
839 2198 1114 2272 quaestio
1149 2205 1261 2268 est,
1294 2198 1395 2273 qui
1438 2198 1490 2254 si
1532 2198 1666 2272 lege
1708 2199 1923 2255 eadem
1956 2199 2102 2256 revi-

343 2277 569 2334 viscere
598 2283 822 2352 posset,
847 2279 975 2334 lata
1004 2279 1100 2334 lex
1129 2295 1460 2352 numquam
1481 2285 1657 2335 esset.
1719 2277 1927 2351 Hujus
1955 2295 2104 2353 ergo

342 2356 690 2414 interfector
719 2357 771 2413 si
815 2364 993 2426 esset,
1026 2357 1089 2412 in
1133 2357 1473 2413 confitendo
1517 2356 1592 2412 ab
1633 2357 1800 2413 eisne
1842 2374 2104 2430 poenam

341 2435 599 2507 timeret,
632 2454 784 2510 quos
812 2434 1240 2493 liberavisset?
1307 2435 1519 2494 Graeci
1549 2436 1822 2492 homines
1852 2436 2104 2494 deorum

343 2514 602 2572 honores
629 2516 904 2571 tribuunt
930 2516 1019 2571 eis
1050 2516 1215 2585 viris,
1248 2516 1348 2589 qui
1371 2521 1664 2589 tyrannos
1693 2522 2101 2572 necaverunt:

236 2594 311 2649 30
341 2612 494 2668 quae
539 2612 652 2669 ego
682 2594 807 2650 vidi
845 2595 1127 2663 AtheniS,
1161 2612 1314 2668 quae
1358 2595 1491 2650 aliis
1533 2595 1595 2650 in
1637 2594 1889 2651 urbibus
1922 2595 2105 2653 Grae-

341 2673 501 2732 ciael
547 2691 699 2749 quas
728 2691 824 2730 res
854 2673 1094 2729 divinas
1137 2674 1363 2730 talibus
1404 2673 1720 2730 institutas
1750 2674 1916 2742 viris,
1951 2690 2103 2749 quos

340 2760 573 2823 cantus,
619 2770 770 2827 quae
818 2751 1118 2810 carminal
1171 2770 1353 2826 prope
1397 2752 1471 2809 ad
1517 2753 1998 2810 immortalitatis
2042 2758 2100 2809 et

341 2833 695 2906 religionem
749 2837 812 2888 et
859 2831 1212 2889 memoriam
1263 2838 1718 2888 consecrantur:
1779 2849 1891 2888 vos
1946 2831 2099 2890 tanti

342 2922 824 2968 conservatorem
878 2911 1102 2986 populi,
1153 2912 1311 2967 tanti
1366 2911 1607 2967 sceleris
1665 2911 1919 2967 ultorem
1980 2928 2100 2968 non

236 2990 310 3046 35
344 2991 521 3047 modo
553 2991 880 3046 honoribus
924 2990 1107 3045 nullis
1144 2990 1427 3058 afficietis
1462 2991 1565 3047 sed
1609 2989 1793 3046 etiam
1841 2991 1920 3048 ad
1969 3009 2100 3065 sup,-

342 3070 589 3143 plicium
629 3070 759 3141 rapi
801 3067 1158 3141 patiemini?
1247 3069 1660 3138 Confiteretur,
1694 3069 2095 3139 confiteretur,

339 3148 605 3220 inquam,
639 3146 693 3201 si
722 3147 979 3216 fecisset,
1009 3152 1073 3202 et
1112 3165 1340 3220 magno
1379 3150 1581 3205 animo
1610 3154 1673 3205 et
1712 3148 1993 3220 libenter,
2024 3149 2098 3205 fe-

342 3224 494 3279 cisse
540 3241 603 3278 se
648 3224 944 3278 libertatis
974 3225 1245 3281 omnium
1273 3243 1470 3296 causa,
1503 3227 1666 3299 quod
1700 3231 1865 3284 esset
1891 3228 1949 3284 ei
1978 3244 2097 3285 non

343 3300 743 3369 confitendum
773 3300 969 3370 deQ
1001 3318 1212 3358 verum
1241 3304 1427 3377 etiam
1454 3305 1949 3379 praedicandum.
