2284 3717
307 173 432 237 154
818 189 894 237 M.
939 190 1199 237 ‘runnu
1249 189 1646 237 01cERoN1s

410 362 544 402 sum
601 344 768 401 illum
819 346 1150 405 Caecilium
1196 347 1624 403 excitaverunt.
1714 345 1850 418 Quo
1893 352 2025 404 tum
2065 364 2165 405 rex

409 426 607 482 animo
649 423 806 482 fuit?
891 427 1008 498 Qui
1059 426 1439 483 auctionatus
1490 426 1569 483 sit
1611 442 1865 500 seseque
1909 427 2164 500 spoliare

408 505 689 561 maluerit
712 523 887 579 quam
915 507 1022 562 tibi
1054 507 1365 580 pecuniam
1394 523 1511 561 non
1543 506 2022 563 subministrare.
2082 508 2166 563 At

407 602 496 650 e0,
524 585 736 659 inquit,
765 593 1034 659 tempore
1064 586 1197 659 ipso
1243 585 1529 641 Nicaeam
1576 585 2010 659 Ephesumque
2040 585 2167 641 mit-

343 668 378 725 5
408 665 577 721 teba-t
618 665 719 738 qui
753 681 1024 721 rumores
1056 665 1376 722 Africanos
1417 665 1759 738 exciperent
1793 670 1856 721 et
1900 665 2166 722 celeriter

411 744 488 800 ad
519 761 582 800 se
612 744 934 801 referrent:
980 745 1182 819 itaque
1213 762 1345 801 cum
1378 750 1540 800 esset
1567 745 1623 801 ei
1656 744 2007 800 nuntiatum
2053 744 2167 800 Do-

410 824 651 881 mitium
694 824 1009 896 naufragio
1051 826 1295 898 perisse,
1329 829 1390 880 te
1441 824 1502 879 in
1562 823 1809 881 castello
1855 824 2166 881 circumse·

410 904 555 972 deri,
589 905 661 959 de
694 903 963 959 Domitio
994 904 1150 959 dixit
1181 920 1418 960 versum
1452 903 1749 961 Graecum
1785 904 2001 960 eadem
2043 920 2165 960 sen-

411 983 618 1052 tentia,
652 1001 771 1056 qua
801 983 982 1039 etiam
1014 1001 1123 1039 nos
1156 983 1446 1039 habemus
1477 983 1801 1039 Latinum:
1841 1022 1848 1028 -
1941 975 1947 981 ’

311 1065 380 1120 10
556 1063 815 1119 Pereant
843 1062 1035 1132 amici,
1064 1064 1207 1118 dum
1238 1062 1464 1118 inimici
1500 1080 1623 1118 una
1649 1061 2035 1120 intercidant.

413 1142 590 1215 Quod
633 1142 747 1210 ille,
781 1142 833 1197 si
875 1149 1037 1199 esset
1071 1142 1181 1199 tibi
1223 1142 1692 1211 inimicissimuS,
1724 1158 2060 1215 numquam
2085 1146 2166 1197 ta-

409 1239 549 1278 men
591 1221 871 1278 dixisset:
916 1222 1043 1296 ipse
1089 1222 1250 1278 enim
1296 1227 1669 1290 mansuetus
1702 1238 1920 1277 versus
1966 1221 2165 1276 imma-

410 1302 520 1358 nis,
609 1301 728 1373 Qui
772 1307 976 1357 autem
1020 1300 1291 1358 Domitio
1332 1305 1571 1376 potera-t
1612 1316 1744 1366 esse
1785 1300 2036 1369 amicuS,
2068 1298 2164 1374 qui

409 1381 521 1438 tibi
549 1387 713 1437 esset
740 1379 1061 1437 inimicus?
1148 1380 1284 1437 Tibi
1323 1397 1498 1456 porro
1543 1380 1822 1436 inimicus
1851 1396 1960 1436 cur
1987 1384 2161 1447 esset,

284 1463 379 1520 ‘15
413 1478 447 1515 a
476 1478 593 1534 quo
624 1477 757 1515 cum
789 1459 884 1516 vel
915 1459 1167 1517 interfici
1195 1460 1334 1516 belli
1363 1460 1496 1534 lege
1523 1459 1843 1534 potuisset,
1875 1477 2081 1533 regem
2105 1463 2162 1513 et

415 1557 477 1596 se
533 1545 596 1597 et
652 1539 837 1596 filium
904 1556 1077 1596 suum
1135 1540 1499 1597 constitutos
1555 1555 1686 1595 esse
1742 1533 2160 1595 meminisset?

414 1620 573 1692 Quid
605 1616 865 1676 deinde?
951 1619 1223 1676 Furcifer
1252 1637 1367 1693 quo
1400 1616 1828 1693 progreditur?
1916 1619 2030 1675 Ait
2059 1617 2162 1673 hac

412 1698 646 1755 laetitia
692 1699 1039 1756 Deiotarum
1072 1700 1298 1755 elatum
1326 1699 1464 1755 vino
1508 1715 1571 1754 se
1615 1698 1889 1754 obruisse
1934 1698 1994 1754 in
2039 1714 2162 1753 con-

413 1779 695 1853 vivioque
740 1779 966 1835 nudum
1011 1779 1351 1836 saltavisse.
1439 1777 1607 1849 Quae
1650 1794 1796 1834 crux
1840 1777 1982 1834 huic
2023 1775 2163 1849 fugi-

308 1864 382 1919 20
412 1859 539 1914 tivo
595 1865 799 1933 potest
870 1860 1018 1914 satis
1088 1857 1366 1932 supplicii
1423 1854 1698 1913 adferre?
1814 1856 2161 1913 Deiotarum

415 1938 738 1994 saltantem
795 1938 1114 2012 quisquam
1176 1945 1280 1994 aut
1336 1937 1567 1993 ebrium
1627 1935 1779 1992 vidit
1834 1930 2159 2010 umquam?

415 2016 643 2074 Omnes
687 2018 747 2073 in
793 2018 895 2073 illo
940 2024 1083 2073 sunt
1125 2034 1266 2091 rege
1296 2016 1768 2089 virtuteS‚q110d
1812 2020 1891 2083 te,
1928 2015 2157 2081 Caesar,

410 2097 690 2170 ignorare
736 2114 853 2152 uon
899 2097 1170 2167 arbitror,
1217 2097 1325 2153 sed
1366 2095 1688 2171 praecipue
1735 2095 2066 2170 singularis
2104 2099 2160 2149 et

414 2177 767 2233 admiranda
812 2176 1166 2249 frugalitas:
1223 2176 1337 2233 etsi
1385 2176 1497 2232 hoc
1539 2175 1723 2231 verbo
1766 2175 1892 2230 scio
1936 2172 2158 2231 laudari

307 2261 380 2318 25
415 2274 615 2329 regem
646 2274 764 2312 non
797 2256 1019 2328 solere;
1064 2255 1219 2328 frugi
1258 2254 1564 2313 hominem
1595 2254 1711 2310 dici
1756 2271 1878 2310 non
1911 2253 2158 2310 multum

414 2335 597 2392 habet
626 2336 825 2391 laudis
856 2336 918 2391 in
947 2353 1121 2408 rege:
1167 2335 1398 2404 fortem,
1422 2336 1675 2408 justum,
1702 2351 2006 2403 severum,
2038 2348 2160 2405 gra·

416 2433 567 2485 vem,
613 2415 1088 2488 magna-nimum,
1138 2414 1392 2488 largum,
1440 2412 1785 2482 beneficum,
1837 2412 2155 2478 liberalem,

414 2494 526 2551 hae
573 2502 715 2551 sunt
759 2494 955 2568 regiae
1003 2493 1229 2563 laudes,
1264 2494 1368 2550 illa
1410 2493 1651 2567 privata
1687 2497 1798 2548 est.
1886 2489 1979 2548 Ut
2007 2489 2159 2547 volet

414 2574 682 2649 quisque,
731 2573 1017 2647 accipiat:
1076 2591 1192 2647 ego
1240 2580 1440 2630 tamen
1490 2570 1923 2644 frugalitatem,
1968 2571 2030 2627 id
2072 2573 2158 2625 est

310 2660 382 2715 30
414 2654 771 2710 modestiam
838 2663 900 2709 et
955 2654 1434 2727 temperantiam,
1494 2652 1777 2707 virtutem
1843 2651 2156 2706 maximam

404 2733 625 2806 judico,
715 2732 885 2788 Haec
925 2731 985 2788 in
1030 2733 1134 2788 illo
1181 2739 1275 2789 est
1320 2732 1393 2787 ab
1440 2731 1681 2786 ineunte
1726 2735 1924 2785 aetate
1969 2745 2095 2787 cum
2124 2743 2158 2781 a

414 2819 629 2869 cuncta
654 2811 821 2880 Asia,
847 2830 980 2868 cum
1013 2830 1048 2868 a
1071 2811 1532 2885 magistratibus
1560 2808 1900 2883 legatisque
1924 2807 2152 2874 nostrie,

413 2896 544 2946 tum
594 2891 667 2947 ab
717 2891 1018 2965 equitibus
1070 2891 1382 2963 Romanis,
1424 2889 1526 2963 qui
1569 2889 1632 2944 in
1676 2888 1833 2944 Asia
1875 2884 2156 2962 negotiati

417 2976 575 3038 sunt,
607 2977 921 3044 perspecta
949 2977 1011 3026 et
1040 2971 1301 3043 cognita.
1388 2968 1604 3024 Multis
1641 2968 1738 3023 ille
1769 2967 2006 3041 quidem
2038 2982 2157 3039 gra-

311 3052 383 3109 35
416 3050 591 3104 dibus
622 3049 944 3105 officiorum
975 3066 1122 3122 erga
1152 3067 1274 3106 rem
1305 3048 1608 3124 publicam
1649 3054 1918 3103 nostram
1951 3046 2022 3102 ad
2054 3044 2156 3100 hoc

414 3128 643 3198 regium
672 3144 887 3181 nomen
912 3129 1184 3183 ascendit
1207 3149 1221 3200 ;
1265 3128 1369 3184 sed
1395 3133 1596 3182 tamen
1619 3126 1903 3200 quicquid
1936 3144 1970 3181 a
1992 3123 2156 3182 bellis

415 3204 623 3274 populi
657 3204 922 3257 Roma-ni
948 3206 1216 3273 vacabat,
1243 3224 1376 3262 cum
1409 3205 1753 3260 hominibus
1783 3204 2004 3261 nostris
2034 3220 2157 3260 con-

420 3274 788 3346 suetudineS,
835 3282 1153 3350 amicitias,
1199 3300 1292 3338 res
1333 3285 1714 3358 rationesque
1750 3283 2059 3357 jungebat,
2097 3286 2157 3338 ut

419 3368 538 3407 non
595 3355 789 3408 solum
838 3358 1168 3415 tetrarches
1226 3362 1463 3432 nobilis,
1510 3362 1618 3418 sed
1667 3363 1852 3419 etiam
1898 3362 2155 3436 optimus
