2284 3717
168 142 251 190 IN
288 143 367 191 κ.
402 141 811 192 AN'romuzu
861 142 1142 192 onArm
1192 145 1634 194 PHILIrl’IcA
1670 145 1779 196 11.
1834 131 1959 195 199

112 299 271 356 ribus
312 301 804 376 ornamentisque
844 301 1194 369 ostenderit,
1224 301 1460 377 placere
1503 320 1642 360 eum
1672 320 1854 379 quam

113 379 482 454 amplissime
513 398 794 456 supremo
822 399 933 438 suo
979 383 1077 439 die
1121 382 1332 439 efferri.
1419 382 1503 439 Et
1545 400 1681 440 cum
1727 382 1851 442 Ser.

116 457 417 533 Sulpicius
466 461 535 533 Q.
572 461 639 519 F.
675 460 971 518 Lemonia
1010 462 1213 518 Rufus
1259 462 1344 519 ita
1383 462 1457 518 de
1503 479 1564 519 re
1612 464 1857 537 publica

113 539 354 596 meritus
385 540 482 608 sit,
514 548 585 596 ut
613 541 704 597 eis
734 541 1102 598 ornamentis
1131 542 1398 599 decorari
1429 542 1662 612 debeat,
1688 560 1856 600 sena·

113 624 232 673 tum
272 637 514 675 censere
560 625 744 694 atque
784 638 817 676 e
855 637 918 676 re
964 620 1204 695 publica
1248 621 1594 678 existimare
1625 622 1852 679 aediles
1921 625 1958 682 5

115 698 341 754 curules
384 699 671 767 edictum,
720 700 881 773 quod
925 700 998 755 de
1044 700 1355 758 funeribus
1403 701 1680 768 habeant,
1728 701 1851 760 Ser.

116 775 353 851 Sulpicii
379 779 448 851 Q.
479 778 544 835 F.
572 778 868 835 Lemonia
891 779 1028 835 Rufi
1061 780 1252 836 funeri
1278 781 1616 838 remittere:
1651 781 1855 856 utique

114 854 299 913 locum
330 858 607 932 sepulcro
637 858 701 914 in
745 875 959 932 campo
1006 858 1328 934 Esquilino
1376 859 1441 917 C.
1477 859 1683 917 Pansa
1724 878 1858 918 eon·

115 936 220 1003 sul,
251 953 357 993 seu
401 955 523 1012 quo
566 937 629 993 in
673 936 806 994 loco
850 938 1172 1008 videbitur,
1203 940 1390 1013 pedes
1431 956 1552 996 xxx
1594 957 1860 1014 quoquo-

115 1032 314 1073 versus
344 1017 647 1091 adsignet,
683 1034 803 1090 quo
835 1015 959 1075 Ser.
994 1016 1298 1092 Sulpicius
1338 1018 1669 1091 inferatur3
1697 1019 1859 1093 quod
1889 1020 1964 1077 10

116 1096 444 1168 sepulcrum
512 1097 732 1171 ipsiuS‚
779 1095 1106 1154 liberorum
1168 1105 1666 1173 posterorumque
1730 1100 1860 1172 ejus

115 1181 280 1309 ἷξεθῑ,
311 1176 424 1313 uti¹⁵
446 1175 611 1252 quod
656 1175 891 1250 optimo
920 1176 1056 1250 jure
1098 1177 1336 1252 publice
1379 1175 1720 1252 sepulcrum
1757 1178 1857 1236 da·

178 1271 234 1311 m
259 1272 394 1313 esse
427 1300 441 1314 .
