2284 3717
495 150 642 197 PRO
691 149 753 198 r.
783 148 1029 197 Anmo
1079 149 1373 197 MILONE
1418 150 1721 199 murm.
1913 134 2041 200 125

162 304 486 380 proficisci.
601 306 778 363 Dixit
830 306 944 364 hoc
997 324 1199 364 comes
1262 306 1410 364 item
1468 306 1535 366 P.
1590 306 1805 379 Clodii,
1863 306 1930 367 C.

169 384 444 443 Clodius,

249 467 343 522 18.
390 464 638 535 Videte,
681 465 933 543 judiceS,
977 470 1242 540 quantae
1278 482 1375 523 res
1424 465 1522 523 his
1569 465 1935 524 testimoniis

168 541 294 600 sint
322 544 650 601 confectae.
727 544 998 602 Primum
1028 551 1189 603 certe
1217 545 1507 604 liberatur
1536 545 1687 603 Milo
1715 563 1834 602 non
1862 562 1935 602 eo

168 623 425 679 consilio
453 624 759 698 profectus
787 642 938 694 esse,
963 631 1032 682 ut
1059 624 1444 682 insidiaretur
1470 626 1533 681 in
1557 625 1657 681 via
1686 624 1932 683 Clodio:
2004 624 2041 682 5

168 702 433 776 quippe3
475 702 530 760 si
572 703 674 760 ille
723 703 938 761 obvius
979 705 1034 760 ei
1078 704 1318 762 futurus
1360 704 1602 761 omnino
1638 722 1758 762 non
1784 711 1931 761 erat.

168 779 637 840 Deinde—non
685 782 844 839 enim
896 784 1073 841 video
1123 801 1229 840 cur
1275 800 1397 840 non
1452 801 1650 841 meum
1701 801 1934 859 quoque

170 876 358 934 agam
403 862 1012 935 negotium—scitia
1048 863 1304 937 judices,
1336 863 1670 938 fuissequi
1713 863 1778 920 in
1818 863 1933 920 hac

167 940 492 1013 rogatione
536 941 847 998 suadenda
875 942 1142 999 dicerent
1182 941 1432 999 Milonis
1474 960 1658 1000 manu
1685 942 1930 999 caedem

169 1035 308 1074 esse
339 1019 585 1090 factam,
610 1021 859 1079 consilio
885 1039 1026 1078 vero
1055 1022 1301 1097 majoris
1331 1022 1613 1097 alicujus:
1657 1039 1752 1078 me
1776 1022 1936 1079 vide·
1967 1022 2039 1080 10

168 1095 318 1154 licet
360 1097 656 1156 latronem
702 1117 773 1157 ac
816 1100 1098 1158 sicarium
1141 1101 1356 1176 abjecti
1398 1100 1673 1158 homines
1714 1106 1777 1158 et
1808 1118 1936 1177 per-

171 1175 291 1232 diti
335 1177 772 1236 describebant.
856 1180 899 1237 J
905 1186 1080 1237 acent
1123 1180 1252 1237 suis
1293 1180 1552 1237 testibus
1594 1181 1638 1237 ii
1666 1180 1768 1255 qui
1800 1180 1935 1239 Clo·

171 1254 348 1312 dium
374 1265 602 1332 negant
629 1275 700 1315 eo
729 1258 825 1315 die
856 1260 1138 1328 Romam,
1173 1259 1293 1316 nisi
1321 1259 1395 1316 de
1434 1259 1597 1334 Cyro
1641 1259 1930 1330 audisset,

171 1333 365 1392 fuisse
394 1337 761 1396 rediturum:
803 1338 1111 1413 respiravi,
1143 1338 1432 1395 liberatus
1467 1355 1641 1411 sum3
1684 1356 1806 1396 nou
1836 1356 1934 1395 ve-

171 1429 312 1471 reor
339 1433 431 1484 ne,
463 1417 622 1490 quod
653 1434 725 1472 ne
769 1417 1063 1491 suspicari
1092 1417 1333 1492 quidem
1376 1418 1692 1491 potuerim,
1724 1415 1934 1474 videar
1964 1416 2035 1474 15

171 1492 238 1548 id
266 1494 590 1568 cogitasse.
674 1495 730 1551 N
739 1513 854 1553 unc
885 1513 1216 1570 persequar
1244 1502 1458 1553 cetera.
1543 1495 1705 1553 Nam
1735 1512 1935 1553 occur-

170 1571 255 1629 rit
284 1572 471 1630 illud:
516 1574 703 1647 igitur
732 1592 806 1631 ne
839 1574 1086 1632 Clodius
1120 1575 1362 1650 quidem
1392 1575 1465 1632 de
1496 1575 1734 1633 insidiis
1775 1574 1935 1649 cogi-

169 1651 350 1720 tavit,
377 1654 659 1727 quoniam
684 1653 801 1711 fuit
828 1654 888 1710 in
922 1654 1166 1711 Albano
1196 1672 1532 1712 mansurus.
1596 1653 1658 1711 Si
1686 1653 1929 1728 quidem

167 1730 448 1789 exiturus
478 1733 554 1788 ad
583 1733 825 1790 caedem
854 1751 887 1789 e
921 1735 1064 1790 villa
1094 1751 1214 1790 non
1243 1734 1472 1790 fuisset.
1538 1732 1737 1789 Video
1766 1733 1929 1790 enim

170 1809 365 1880 illum,
398 1812 501 1886 qui
540 1812 776 1870 dicatur
804 1812 878 1870 de
918 1812 1064 1888 Cyri
1105 1818 1300 1870 morte
1342 1812 1672 1881 nuntiasse,
1704 1829 1824 1869 non
1868 1811 1930 1869 id
1960 1814 2035 1870 20

170 1890 509 1959 nuntiasse,
542 1892 646 1948 sed
681 1891 974 1949 Milonem
1017 1892 1513 1966 appropinquare.
1599 1891 1756 1948 Nam
1786 1891 1931 1966 quid

170 1968 247 2025 de
270 1967 437 2043 Cyro
458 1971 778 2040 nuntiaret,
791 1988 967 2045 quem
986 1970 1234 2028 Clodius
1249 1971 1834 2046 Romaproficiscens
1849 1988 1932 2027 re·

169 2046 435 2122 liquerat-
451 2049 841 2107 morientem?
889 2050 1032 2107 Una
1049 2051 1154 2120 fui,
1174 2056 1602 2107 testamentum
1627 2050 1809 2106 simul
1833 2050 1933 2107 ob-

171 2127 421 2201 signavi
443 2147 576 2186 cum
606 2129 847 2202 Clodi03
878 2135 1310 2186 testamentum
1335 2135 1536 2186 autem
1559 2129 1757 2202 palam
1783 2129 1930 2186 fece-

169 2212 268 2263 rat
296 2212 360 2263 et
380 2207 548 2264 illum
580 2207 857 2265 heredem
887 2215 948 2265 et
976 2225 1073 2266 me
1104 2209 1447 2284 scripserat.
1508 2208 1701 2279 Quem
1731 2208 1928 2283 pridie
1959 2209 2031 2266 25

169 2284 328 2342 hora
356 2288 538 2344 tertia
579 2287 842 2344 animam
871 2286 1169 2345 efflantem
1207 2287 1566 2360 reliquisset,
1598 2304 1735 2344 eum
1781 2304 1932 2344 mor-

165 2373 347 2425 tuum
371 2367 661 2441 postridie
694 2366 839 2423 hora
862 2366 1094 2424 decima
1123 2366 1382 2441 denique
1405 2367 1460 2423 ei
1488 2363 1928 2423 nuntiabatur?
1950 2426 1955 2431 ,

263 2449 353 2504 19.
402 2447 559 2521 Age,
592 2446 672 2503 sit
697 2446 786 2503 ita
813 2446 1076 2504 factum:
1119 2463 1276 2520 quae
1310 2463 1493 2503 causa
1519 2462 1623 2503 cur
1666 2445 1930 2503 Romam

166 2523 567 2604 properaret?
640 2524 764 2583 Cur
790 2525 853 2582 in
881 2531 1118 2582 noctem
1159 2543 1225 2581 se
1260 2523 1619 2599 conjiceret?
1691 2525 1929 2599 Ecquid

169 2606 490 2664 adferebat
530 2604 943 2661 festinationis
977 2605 1138 2679 quod
1183 2603 1356 2660 heres
1397 2602 1572 2661 erat?
1658 2603 1927 2660 Primum
1960 2608 2034 2663 30

166 2693 302 2743 era't
331 2684 482 2741 nihil
514 2701 620 2740 cur
659 2690 977 2759 properato
1008 2701 1160 2759 opus
1199 2690 1400 2756 esset3
1444 2682 1659 2740 deinde
1702 2684 1750 2741 si
1784 2683 1929 2757 quid

166 2770 353 2834 esset,
408 2764 553 2838 quid
601 2764 844 2820 tandem
902 2768 1033 2819 erat
1080 2762 1241 2837 quod
1291 2780 1364 2819 ea
1417 2771 1593 2820 nocte
1648 2762 1932 2837 consequi

166 2842 398 2922 posset,
432 2843 740 2900 amitteret
768 2847 989 2908 autem,
1022 2842 1076 2898 si
1116 2842 1405 2915 postridie
1448 2842 1711 2898 Romam
1754 2858 1930 2898 mane

170 2920 492 2982 venisset?
576 2922 783 2996 Atque
826 2927 895 2978 ut
934 2920 1021 2977 illi
1064 2927 1394 2996 nocturnus
1452 2921 1529 2978 ad
1573 2921 1781 2977 urbem
1831 2920 1933 2977 ad-

171 3010 395 3061 ventus
441 3000 729 3057 vitandus
782 3000 988 3073 potius
1029 3016 1212 3074 quam
1254 3000 1628 3074 expetendus
1668 2998 1796 3066 fuit,
1842 2999 1930 3055 sic
1960 2997 2034 3055 35

170 3081 411 3152 Miloni,
457 3097 593 3137 cum
650 3079 970 3135 insidiator
1023 3090 1202 3148 esset,
1251 3079 1301 3134 si
1360 3079 1527 3135 illum
1588 3077 1663 3134 ad
1720 3077 1928 3132 urbem

169 3169 347 3219 nocte
394 3175 780 3217 accessurum
835 3158 1081 3226 sciebat,
1127 3157 1560 3214 subsidendum
1617 3161 1794 3227 atque
1835 3171 1932 3211 ex·

172 3240 576 3317 spectandum
604 3237 754 3294 fuit:
797 3254 973 3294 nemo
1018 3236 1073 3293 ei
1109 3237 1360 3311 neganti
1399 3253 1521 3292 non
1554 3233 1925 3301 credidisset,

170 3339 347 3397 quem
376 3336 519 3377 esse
558 3333 769 3374 omnes
808 3315 1046 3373 salvum
1074 3316 1261 3372 etiam
1288 3313 1670 3371 confitentem
1698 3307 1925 3364 volunt.
