<?xml version="1.0" encoding="UTF-8"?>
<!DOCTYPE html PUBLIC "-//W3C//DTD XHTML 1.0 Transitional//EN"
    "http://www.w3.org/TR/xhtml1/DTD/xhtml1-transitional.dtd">
<html xmlns="http://www.w3.org/1999/xhtml" xml:lang="en" lang="en">
 <head>
  <title>
</title>
<meta http-equiv="Content-Type" content="text/html;charset=utf-8" />
  <meta name='ocr-system' content='tesseract 3.04.00' />
  <meta name='ocr-capabilities' content='ocr_page ocr_carea ocr_par ocr_line ocrx_word'/>
</head>
<body>
  <div class='ocr_page' id='page_1' title='image "./selectorationsm03stuagoog_0056.png"; bbox 0 0 2284 3717; ppageno 0'>
   <div class='ocr_carea' id='block_1_1' title="bbox 627 610 1653 681">
    <p class='ocr_par' dir='ltr' id='par_1_1' title="bbox 627 610 1653 681">
     <span class='ocr_line' id='line_1_1' title="bbox 627 610 1653 681; baseline 0 0"><span class='ocrx_word' id='word_1_1' title='bbox 627 610 721 681; x_wconf 90' lang='lat' dir='ltr'><strong>M.</strong></span> <span class='ocrx_word' id='word_1_2' title='bbox 777 610 1095 681; x_wconf 87' lang='lat' dir='ltr'>TULLII</span> <span class='ocrx_word' id='word_1_3' title='bbox 1156 611 1653 681; x_wconf 87' lang='lat' dir='ltr'>CICERONIS</span> 
     </span>
    </p>
   </div>
   <div class='ocr_carea' id='block_1_2' title="bbox 203 818 2065 914">
    <p class='ocr_par' dir='ltr' id='par_1_2' title="bbox 203 818 2065 914">
     <span class='ocr_line' id='line_1_2' title="bbox 203 818 2065 914; baseline 0.002 -4"><span class='ocrx_word' id='word_1_4' title='bbox 203 818 322 910; x_wconf 92' lang='lat' dir='ltr'><strong>IN</strong></span> <span class='ocrx_word' id='word_1_5' title='bbox 396 820 486 910; x_wconf 83' lang='lat' dir='ltr'><strong>L.</strong></span> <span class='ocrx_word' id='word_1_6' title='bbox 541 821 1114 911; x_wconf 78' lang='lat' dir='ltr'>CATILINAM</span> <span class='ocrx_word' id='word_1_7' title='bbox 1189 821 1568 910; x_wconf 83' lang='lat' dir='ltr'>ORATIO</span> <span class='ocrx_word' id='word_1_8' title='bbox 1648 821 2065 914; x_wconf 76' lang='lat' dir='ltr'>QUARTA</span> 
     </span>
    </p>
   </div>
   <div class='ocr_carea' id='block_1_3' title="bbox 704 1042 1565 1102">
    <p class='ocr_par' dir='ltr' id='par_1_3' title="bbox 704 1042 1565 1102">
     <span class='ocr_line' id='line_1_3' title="bbox 704 1042 1565 1102; baseline 0.001 -1"><span class='ocrx_word' id='word_1_9' title='bbox 704 1042 1033 1101; x_wconf 87' lang='lat' dir='ltr'>HABITA</span> <span class='ocrx_word' id='word_1_10' title='bbox 1077 1042 1171 1101; x_wconf 89' lang='lat' dir='ltr'><strong>IN</strong></span> <span class='ocrx_word' id='word_1_11' title='bbox 1216 1042 1565 1102; x_wconf 80' lang='lat' dir='ltr'>SENATU.</span> 
     </span>
    </p>
   </div>
   <div class='ocr_carea' id='block_1_4' title="bbox 197 1394 2068 3208">
    <p class='ocr_par' dir='ltr' id='par_1_4' title="bbox 303 1394 2068 1705">
     <span class='ocr_line' id='line_1_4' title="bbox 387 1394 2068 1468; baseline 0.001 -16"><span class='ocrx_word' id='word_1_12' title='bbox 387 1395 437 1452; x_wconf 90' lang='lat'><strong>1.</strong></span> <span class='ocrx_word' id='word_1_13' title='bbox 483 1394 712 1464; x_wconf 74' lang='lat' dir='ltr'><strong>Vnmo,</strong></span> <span class='ocrx_word' id='word_1_14' title='bbox 749 1406 953 1468; x_wconf 86' lang='lat' dir='ltr'><strong>patres</strong></span> <span class='ocrx_word' id='word_1_15' title='bbox 1003 1395 1346 1468; x_wconf 82' lang='lat' dir='ltr'><strong>conscripti,</strong></span> <span class='ocrx_word' id='word_1_16' title='bbox 1378 1395 1443 1450; x_wconf 87' lang='lat' dir='ltr'><strong>in</strong></span> <span class='ocrx_word' id='word_1_17' title='bbox 1483 1412 1578 1451; x_wconf 88' lang='lat' dir='ltr'><strong>me</strong></span> <span class='ocrx_word' id='word_1_18' title='bbox 1622 1395 1894 1452; x_wconf 87' lang='lat' dir='ltr'><strong>omnium</strong></span> <span class='ocrx_word' id='word_1_19' title='bbox 1938 1415 2068 1454; x_wconf 85' lang='lat' dir='ltr'><strong>ves-</strong></span> 
     </span>
     <span class='ocr_line' id='line_1_5' title="bbox 303 1473 2065 1547; baseline 0.003 -18"><span class='ocrx_word' id='word_1_20' title='bbox 303 1477 464 1529; x_wconf 89' lang='lat' dir='ltr'><strong>trum</strong></span> <span class='ocrx_word' id='word_1_21' title='bbox 509 1491 613 1530; x_wconf 87' lang='lat' dir='ltr'><strong>ora</strong></span> <span class='ocrx_word' id='word_1_22' title='bbox 659 1480 836 1547; x_wconf 86' lang='lat' dir='ltr'><strong>atque</strong></span> <span class='ocrx_word' id='word_1_23' title='bbox 884 1473 1088 1531; x_wconf 87' lang='lat' dir='ltr'><strong>oculos</strong></span> <span class='ocrx_word' id='word_1_24' title='bbox 1127 1491 1261 1531; x_wconf 86' lang='lat' dir='ltr'><strong>esse</strong></span> <span class='ocrx_word' id='word_1_25' title='bbox 1308 1490 1668 1546; x_wconf 83' lang='lat' dir='ltr'><strong>conversos3</strong></span> <span class='ocrx_word' id='word_1_26' title='bbox 1729 1475 1907 1532; x_wconf 86' lang='lat' dir='ltr'><strong>video</strong></span> <span class='ocrx_word' id='word_1_27' title='bbox 1953 1495 2065 1534; x_wconf 77' lang='lat' dir='ltr'><strong>vos</strong></span> 
     </span>
     <span class='ocr_line' id='line_1_6' title="bbox 304 1553 2063 1627; baseline 0.003 -21"><span class='ocrx_word' id='word_1_28' title='bbox 304 1568 428 1608; x_wconf 91' lang='lat' dir='ltr'><strong>non</strong></span> <span class='ocrx_word' id='word_1_29' title='bbox 472 1553 665 1609; x_wconf 87' lang='lat' dir='ltr'><strong>solum</strong></span> <span class='ocrx_word' id='word_1_30' title='bbox 698 1553 772 1609; x_wconf 89' lang='lat' dir='ltr'><strong>de</strong></span> <span class='ocrx_word' id='word_1_31' title='bbox 802 1559 1004 1610; x_wconf 87' lang='lat' dir='ltr'><strong>vestro</strong></span> <span class='ocrx_word' id='word_1_32' title='bbox 1051 1571 1120 1609; x_wconf 84' lang='lat' dir='ltr'><strong>ac</strong></span> <span class='ocrx_word' id='word_1_33' title='bbox 1149 1553 1234 1609; x_wconf 88' lang='lat' dir='ltr'><strong>rei</strong></span> <span class='ocrx_word' id='word_1_34' title='bbox 1277 1554 1569 1627; x_wconf 87' lang='lat' dir='ltr'><strong>publicae,</strong></span> <span class='ocrx_word' id='word_1_35' title='bbox 1602 1571 1812 1610; x_wconf 85' lang='lat' dir='ltr'><strong>verum</strong></span> <span class='ocrx_word' id='word_1_36' title='bbox 1855 1556 2063 1626; x_wconf 86' lang='lat' dir='ltr'><strong>etiam,</strong></span> 
     </span>
     <span class='ocr_line' id='line_1_7' title="bbox 307 1630 2060 1705; baseline 0.003 -18"><span class='ocrx_word' id='word_1_37' title='bbox 307 1630 360 1687; x_wconf 88' lang='lat' dir='ltr'><strong>si</strong></span> <span class='ocrx_word' id='word_1_38' title='bbox 399 1632 463 1687; x_wconf 84' lang='lat' dir='ltr'><strong>id</strong></span> <span class='ocrx_word' id='word_1_39' title='bbox 492 1632 809 1705; x_wconf 84' lang='lat' dir='ltr'><strong>depulsum</strong></span> <span class='ocrx_word' id='word_1_40' title='bbox 842 1633 937 1701; x_wconf 90' lang='lat' dir='ltr'><strong>sit,</strong></span> <span class='ocrx_word' id='word_1_41' title='bbox 970 1632 1044 1688; x_wconf 88' lang='lat' dir='ltr'><strong>de</strong></span> <span class='ocrx_word' id='word_1_42' title='bbox 1085 1650 1221 1689; x_wconf 89' lang='lat' dir='ltr'><strong>meo</strong></span> <span class='ocrx_word' id='word_1_43' title='bbox 1265 1633 1528 1705; x_wconf 89' lang='lat' dir='ltr'><strong>periculo</strong></span> <span class='ocrx_word' id='word_1_44' title='bbox 1570 1650 1704 1689; x_wconf 88' lang='lat' dir='ltr'><strong>esse</strong></span> <span class='ocrx_word' id='word_1_45' title='bbox 1748 1633 2060 1692; x_wconf 66' lang='lat' dir='ltr'><strong>sollicitos</strong></span> 
     </span>
    </p>

    <p class='ocr_par' dir='ltr' id='par_1_5' title="bbox 237 1709 2064 2097">
     <span class='ocr_line' id='line_1_8' title="bbox 237 1709 2063 1785; baseline 0.003 -20"><span class='ocrx_word' id='word_1_46' title='bbox 237 1709 272 1766; x_wconf 86' lang='lat'>5</span> <span class='ocrx_word' id='word_1_47' title='bbox 304 1709 419 1766; x_wconf 86' lang='lat' dir='ltr'><strong>Est</strong></span> <span class='ocrx_word' id='word_1_48' title='bbox 445 1711 595 1766; x_wconf 84' lang='lat' dir='ltr'><strong>mihi</strong></span> <span class='ocrx_word' id='word_1_49' title='bbox 628 1712 897 1784; x_wconf 84' lang='lat' dir='ltr'><strong>jucunda</strong></span> <span class='ocrx_word' id='word_1_50' title='bbox 927 1711 990 1767; x_wconf 89' lang='lat' dir='ltr'><strong>in</strong></span> <span class='ocrx_word' id='word_1_51' title='bbox 1023 1712 1203 1767; x_wconf 88' lang='lat' dir='ltr'><strong>malis</strong></span> <span class='ocrx_word' id='word_1_52' title='bbox 1232 1716 1294 1767; x_wconf 89' lang='lat' dir='ltr'><strong>et</strong></span> <span class='ocrx_word' id='word_1_53' title='bbox 1324 1719 1500 1785; x_wconf 86' lang='lat' dir='ltr'><strong>grata</strong></span> <span class='ocrx_word' id='word_1_54' title='bbox 1527 1711 1590 1766; x_wconf 90' lang='lat' dir='ltr'><strong>in</strong></span> <span class='ocrx_word' id='word_1_55' title='bbox 1621 1712 1825 1768; x_wconf 84' lang='lat' dir='ltr'><strong>dolore</strong></span> <span class='ocrx_word' id='word_1_56' title='bbox 1855 1722 2063 1770; x_wconf 80' lang='lat' dir='ltr'><strong>vestra</strong></span> 
     </span>
     <span class='ocr_line' id='line_1_9' title="bbox 303 1790 2061 1866; baseline 0.003 -22"><span class='ocrx_word' id='word_1_57' title='bbox 303 1805 449 1863; x_wconf 85' lang='lat' dir='ltr'><strong>erga</strong></span> <span class='ocrx_word' id='word_1_58' title='bbox 496 1808 591 1846; x_wconf 91' lang='lat' dir='ltr'><strong>me</strong></span> <span class='ocrx_word' id='word_1_59' title='bbox 636 1790 937 1858; x_wconf 77' lang='lat' dir='ltr'><strong>voluntaS,</strong></span> <span class='ocrx_word' id='word_1_60' title='bbox 981 1791 1087 1846; x_wconf 86' lang='lat' dir='ltr'><strong>sed</strong></span> <span class='ocrx_word' id='word_1_61' title='bbox 1131 1808 1284 1860; x_wconf 87' lang='lat' dir='ltr'><strong>eam,</strong></span> <span class='ocrx_word' id='word_1_62' title='bbox 1327 1808 1433 1866; x_wconf 87' lang='lat' dir='ltr'><strong>per</strong></span> <span class='ocrx_word' id='word_1_63' title='bbox 1477 1792 1622 1847; x_wconf 88' lang='lat' dir='ltr'><strong>deos</strong></span> <span class='ocrx_word' id='word_1_64' title='bbox 1664 1791 2061 1864; x_wconf 68' lang='lat' dir='ltr'><strong>immortales»,</strong></span> 
     </span>
     <span class='ocr_line' id='line_1_10' title="bbox 306 1867 2061 1943; baseline 0.003 -20"><span class='ocrx_word' id='word_1_65' title='bbox 306 1867 591 1942; x_wconf 82' lang='lat' dir='ltr'><strong>deponite</strong></span> <span class='ocrx_word' id='word_1_66' title='bbox 643 1874 821 1943; x_wconf 85' lang='lat' dir='ltr'><strong>atque</strong></span> <span class='ocrx_word' id='word_1_67' title='bbox 867 1869 1041 1926; x_wconf 89' lang='lat' dir='ltr'><strong>obliti</strong></span> <span class='ocrx_word' id='word_1_68' title='bbox 1087 1870 1304 1926; x_wconf 86' lang='lat' dir='ltr'><strong>salutis</strong></span> <span class='ocrx_word' id='word_1_69' title='bbox 1346 1888 1514 1926; x_wconf 87' lang='lat' dir='ltr'><strong>meae</strong></span> <span class='ocrx_word' id='word_1_70' title='bbox 1558 1870 1631 1925; x_wconf 91' lang='lat' dir='ltr'><strong>de</strong></span> <span class='ocrx_word' id='word_1_71' title='bbox 1660 1871 1835 1928; x_wconf 87' lang='lat' dir='ltr'><strong>vobis</strong></span> <span class='ocrx_word' id='word_1_72' title='bbox 1882 1889 1952 1928; x_wconf 90' lang='lat' dir='ltr'><strong>ac</strong></span> <span class='ocrx_word' id='word_1_73' title='bbox 1986 1873 2061 1929; x_wconf 86' lang='lat' dir='ltr'><strong>de</strong></span> 
     </span>
     <span class='ocr_line' id='line_1_11' title="bbox 305 1947 2064 2023; baseline 0.003 -21"><span class='ocrx_word' id='word_1_74' title='bbox 305 1948 524 2004; x_wconf 86' lang='lat' dir='ltr'><strong>vestris</strong></span> <span class='ocrx_word' id='word_1_75' title='bbox 552 1948 758 2004; x_wconf 86' lang='lat' dir='ltr'><strong>liberis</strong></span> <span class='ocrx_word' id='word_1_76' title='bbox 780 1950 1079 2023; x_wconf 85' lang='lat' dir='ltr'><strong>cogitate:</strong></span> <span class='ocrx_word' id='word_1_77' title='bbox 1121 1948 1273 2005; x_wconf 88' lang='lat' dir='ltr'><strong>mihi</strong></span> <span class='ocrx_word' id='word_1_78' title='bbox 1303 1950 1354 2005; x_wconf 88' lang='lat' dir='ltr'><strong>si</strong></span> <span class='ocrx_word' id='word_1_79' title='bbox 1385 1949 1531 2005; x_wconf 86' lang='lat' dir='ltr'><strong>haec</strong></span> <span class='ocrx_word' id='word_1_80' title='bbox 1554 1947 1824 2005; x_wconf 87' lang='lat' dir='ltr'><strong>condicio</strong></span> <span class='ocrx_word' id='word_1_81' title='bbox 1850 1968 2064 2008; x_wconf 84' lang='lat' dir='ltr'><strong>consu-</strong></span> 
     </span>
     <span class='ocr_line' id='line_1_12' title="bbox 305 2024 2060 2097; baseline 0.003 -16"><span class='ocrx_word' id='word_1_82' title='bbox 305 2024 467 2083; x_wconf 81' lang='lat' dir='ltr'>latus</span> <span class='ocrx_word' id='word_1_83' title='bbox 497 2028 643 2084; x_wconf 87' lang='lat' dir='ltr'><strong>data</strong></span> <span class='ocrx_word' id='word_1_84' title='bbox 683 2033 791 2096; x_wconf 89' lang='lat' dir='ltr'><strong>est,</strong></span> <span class='ocrx_word' id='word_1_85' title='bbox 824 2034 892 2084; x_wconf 88' lang='lat' dir='ltr'><strong>ut</strong></span> <span class='ocrx_word' id='word_1_86' title='bbox 922 2046 1131 2085; x_wconf 87' lang='lat' dir='ltr'><strong>omnes</strong></span> <span class='ocrx_word' id='word_1_87' title='bbox 1164 2029 1536 2097; x_wconf 78' lang='lat' dir='ltr'><strong>acerbitateS,</strong></span> <span class='ocrx_word' id='word_1_88' title='bbox 1571 2045 1779 2085; x_wconf 86' lang='lat' dir='ltr'><strong>omnes</strong></span> <span class='ocrx_word' id='word_1_89' title='bbox 1819 2029 2060 2088; x_wconf 85' lang='lat' dir='ltr'><strong>dolores</strong></span> 
     </span>
    </p>

    <p class='ocr_par' dir='ltr' id='par_1_6' title="bbox 197 2104 2060 3208">
     <span class='ocr_line' id='line_1_13' title="bbox 202 2104 2058 2181; baseline 0.003 -20"><span class='ocrx_word' id='word_1_90' title='bbox 202 2104 274 2162; x_wconf 89' lang='grc'><strong>10</strong></span> <span class='ocrx_word' id='word_1_91' title='bbox 304 2106 720 2180; x_wconf 81' lang='lat' dir='ltr'>cruciatusque</span> <span class='ocrx_word' id='word_1_92' title='bbox 765 2108 1107 2181; x_wconf 83' lang='lat' dir='ltr'><strong>perferrem,</strong></span> <span class='ocrx_word' id='word_1_93' title='bbox 1153 2106 1337 2163; x_wconf 86' lang='lat' dir='ltr'><strong>feram</strong></span> <span class='ocrx_word' id='word_1_94' title='bbox 1385 2124 1505 2163; x_wconf 90' lang='lat' dir='ltr'><strong>non</strong></span> <span class='ocrx_word' id='word_1_95' title='bbox 1562 2107 1759 2163; x_wconf 86' lang='lat' dir='ltr'><strong>solum</strong></span> <span class='ocrx_word' id='word_1_96' title='bbox 1801 2107 2058 2179; x_wconf 85' lang='lat' dir='ltr'><strong>fortiter,</strong></span> 
     </span>
     <span class='ocr_line' id='line_1_14' title="bbox 306 2185 2060 2256; baseline 0.003 -16"><span class='ocrx_word' id='word_1_97' title='bbox 306 2202 514 2241; x_wconf 87' lang='lat' dir='ltr'><strong>verum</strong></span> <span class='ocrx_word' id='word_1_98' title='bbox 569 2187 756 2243; x_wconf 88' lang='lat' dir='ltr'><strong>ctiam</strong></span> <span class='ocrx_word' id='word_1_99' title='bbox 797 2186 1069 2256; x_wconf 79' lang='lat' dir='ltr'><strong>libenter,</strong></span> <span class='ocrx_word' id='word_1_100' title='bbox 1114 2186 1258 2242; x_wconf 88' lang='lat' dir='ltr'><strong>dum</strong></span> <span class='ocrx_word' id='word_1_101' title='bbox 1308 2187 1487 2243; x_wconf 86' lang='lat' dir='ltr'><strong>modo</strong></span> <span class='ocrx_word' id='word_1_102' title='bbox 1542 2186 1693 2242; x_wconf 86' lang='lat' dir='ltr'><strong>meis</strong></span> <span class='ocrx_word' id='word_1_103' title='bbox 1746 2185 2060 2245; x_wconf 79' lang='lat' dir='ltr'><strong>laboribus</strong></span> 
     </span>
     <span class='ocr_line' id='line_1_15' title="bbox 301 2264 2053 2339; baseline 0.005 -24"><span class='ocrx_word' id='word_1_104' title='bbox 301 2264 476 2320; x_wconf 86' lang='lat' dir='ltr'><strong>vobis</strong></span> <span class='ocrx_word' id='word_1_105' title='bbox 496 2265 835 2339; x_wconf 87' lang='lat' dir='ltr'><strong>populoque</strong></span> <span class='ocrx_word' id='word_1_106' title='bbox 860 2266 1143 2321; x_wconf 87' lang='lat' dir='ltr'><strong>Romano</strong></span> <span class='ocrx_word' id='word_1_107' title='bbox 1166 2265 1432 2339; x_wconf 85' lang='lat' dir='ltr'><strong>dignitas</strong></span> <span class='ocrx_word' id='word_1_108' title='bbox 1457 2264 1741 2338; x_wconf 87' lang='lat' dir='ltr'><strong>salusque</strong></span> <span class='ocrx_word' id='word_1_109' title='bbox 1761 2266 2053 2338; x_wconf 86' lang='lat' dir='ltr'><strong>pariatur.</strong></span> 
     </span>
     <span class='ocr_line' id='line_1_16' title="bbox 304 2341 2054 2419; baseline 0.002 -21"><span class='ocrx_word' id='word_1_110' title='bbox 304 2341 438 2416; x_wconf 84' lang='lat' dir='ltr'><strong>Ego</strong></span> <span class='ocrx_word' id='word_1_111' title='bbox 462 2361 596 2400; x_wconf 83' lang='lat' dir='ltr'><strong>sum</strong></span> <span class='ocrx_word' id='word_1_112' title='bbox 618 2344 718 2400; x_wconf 89' lang='lat' dir='ltr'><strong>ille</strong></span> <span class='ocrx_word' id='word_1_113' title='bbox 742 2344 968 2411; x_wconf 90' lang='lat' dir='ltr'><strong>consul,</strong></span> <span class='ocrx_word' id='word_1_114' title='bbox 989 2351 1193 2419; x_wconf 88' lang='lat' dir='ltr'><strong>patres</strong></span> <span class='ocrx_word' id='word_1_115' title='bbox 1218 2345 1555 2419; x_wconf 76' lang='lat' dir='ltr'><strong>conscripti,</strong></span> <span class='ocrx_word' id='word_1_116' title='bbox 1576 2345 1678 2400; x_wconf 90' lang='lat' dir='ltr'><strong>cui·</strong></span> <span class='ocrx_word' id='word_1_117' title='bbox 1696 2360 1818 2399; x_wconf 93' lang='lat' dir='ltr'><strong>non</strong></span> <span class='ocrx_word' id='word_1_118' title='bbox 1838 2346 2054 2415; x_wconf 85' lang='lat' dir='ltr'><strong>forum,</strong></span> 
     </span>
     <span class='ocr_line' id='line_1_17' title="bbox 300 2421 2059 2497; baseline 0.002 -21"><span class='ocrx_word' id='word_1_119' title='bbox 300 2421 365 2477; x_wconf 88' lang='lat' dir='ltr'><strong>in</strong></span> <span class='ocrx_word' id='word_1_120' title='bbox 394 2440 510 2497; x_wconf 90' lang='lat' dir='ltr'><strong>quo</strong></span> <span class='ocrx_word' id='word_1_121' title='bbox 540 2424 736 2479; x_wconf 87' lang='lat' dir='ltr'><strong>omnis</strong></span> <span class='ocrx_word' id='word_1_122' title='bbox 781 2424 1054 2497; x_wconf 86' lang='lat' dir='ltr'><strong>aequitas</strong></span> <span class='ocrx_word' id='word_1_123' title='bbox 1099 2423 1452 2493; x_wconf 75' lang='lat' dir='ltr'><strong>continetur,</strong></span> <span class='ocrx_word' id='word_1_124' title='bbox 1484 2440 1605 2479; x_wconf 89' lang='lat' dir='ltr'><strong>non</strong></span> <span class='ocrx_word' id='word_1_125' title='bbox 1633 2440 1886 2497; x_wconf 82' lang='lat' dir='ltr'><strong>campus</strong></span> <span class='ocrx_word' id='word_1_126' title='bbox 1926 2442 2059 2482; x_wconf 87' lang='lat' dir='ltr'><strong>con-</strong></span> 
     </span>
     <span class='ocr_line' id='line_1_18' title="bbox 204 2501 2056 2576; baseline 0.002 -20"><span class='ocrx_word' id='word_1_127' title='bbox 204 2501 271 2556; x_wconf 81' lang='lat'><strong>15</strong></span> <span class='ocrx_word' id='word_1_128' title='bbox 303 2501 604 2559; x_wconf 85' lang='lat' dir='ltr'><strong>sularibus</strong></span> <span class='ocrx_word' id='word_1_129' title='bbox 635 2502 919 2576; x_wconf 81' lang='lat' dir='ltr'><strong>auspiciis</strong></span> <span class='ocrx_word' id='word_1_130' title='bbox 955 2508 1356 2571; x_wconf 83' lang='lat' dir='ltr'><strong>consecratus,</strong></span> <span class='ocrx_word' id='word_1_131' title='bbox 1387 2519 1507 2558; x_wconf 93' lang='lat' dir='ltr'><strong>non</strong></span> <span class='ocrx_word' id='word_1_132' title='bbox 1536 2503 1716 2571; x_wconf 83' lang='lat' dir='ltr'><strong>curia,</strong></span> <span class='ocrx_word' id='word_1_133' title='bbox 1750 2518 2056 2560; x_wconf 88' lang='lat' dir='ltr'><strong>summum</strong></span> 
     </span>
     <span class='ocr_line' id='line_1_19' title="bbox 302 2580 2057 2654; baseline 0.002 -19"><span class='ocrx_word' id='word_1_134' title='bbox 302 2580 590 2637; x_wconf 85' lang='lat' dir='ltr'><strong>auxilium</strong></span> <span class='ocrx_word' id='word_1_135' title='bbox 636 2582 905 2638; x_wconf 90' lang='lat' dir='ltr'><strong>omnium</strong></span> <span class='ocrx_word' id='word_1_136' title='bbox 953 2581 1245 2654; x_wconf 83' lang='lat' dir='ltr'><strong>gentium,</strong></span> <span class='ocrx_word' id='word_1_137' title='bbox 1290 2598 1409 2637; x_wconf 93' lang='lat' dir='ltr'><strong>non</strong></span> <span class='ocrx_word' id='word_1_138' title='bbox 1458 2581 1690 2649; x_wconf 79' lang='lat' dir='ltr'><strong>domuS,</strong></span> <span class='ocrx_word' id='word_1_139' title='bbox 1735 2598 2057 2639; x_wconf 88' lang='lat' dir='ltr'><strong>commune</strong></span> 
     </span>
     <span class='ocr_line' id='line_1_20' title="bbox 299 2659 2057 2735; baseline 0.001 -20"><span class='ocrx_word' id='word_1_140' title='bbox 299 2660 660 2734; x_wconf 81' lang='lat' dir='ltr'><strong>perfugium,</strong></span> <span class='ocrx_word' id='word_1_141' title='bbox 681 2678 802 2716; x_wconf 92' lang='lat' dir='ltr'><strong>non</strong></span> <span class='ocrx_word' id='word_1_142' title='bbox 825 2659 1015 2716; x_wconf 91' lang='lat' dir='ltr'><strong>lectus</strong></span> <span class='ocrx_word' id='word_1_143' title='bbox 1045 2661 1120 2716; x_wconf 87' lang='lat' dir='ltr'><strong>ad</strong></span> <span class='ocrx_word' id='word_1_144' title='bbox 1147 2660 1408 2733; x_wconf 85' lang='lat' dir='ltr'><strong>quietem</strong></span> <span class='ocrx_word' id='word_1_145' title='bbox 1431 2659 1628 2728; x_wconf 85' lang='lat' dir='ltr'><strong>datus,</strong></span> <span class='ocrx_word' id='word_1_146' title='bbox 1650 2676 1769 2716; x_wconf 91' lang='lat' dir='ltr'><strong>non</strong></span> <span class='ocrx_word' id='word_1_147' title='bbox 1793 2660 2057 2735; x_wconf 85' lang='lat' dir='ltr'><strong>denique</strong></span> 
     </span>
     <span class='ocr_line' id='line_1_21' title="bbox 300 2737 2056 2814; baseline 0.002 -20"><span class='ocrx_word' id='word_1_148' title='bbox 300 2737 450 2796; x_wconf 89' lang='lat' dir='ltr'><strong>haec</strong></span> <span class='ocrx_word' id='word_1_149' title='bbox 494 2739 669 2797; x_wconf 86' lang='lat' dir='ltr'><strong>sedes</strong></span> <span class='ocrx_word' id='word_1_150' title='bbox 713 2738 963 2796; x_wconf 92' lang='lat' dir='ltr'><strong>honoris</strong></span> <span class='ocrx_word' id='word_1_151' title='bbox 1011 2738 1196 2814; x_wconf 87' lang='lat' dir='ltr'><strong>[sella</strong></span> <span class='ocrx_word' id='word_1_152' title='bbox 1237 2737 1491 2813; x_wconf 86' lang='lat' dir='ltr'><strong>curulis]</strong></span> <span class='ocrx_word' id='word_1_153' title='bbox 1536 2756 1820 2812; x_wconf 86' lang='lat' dir='ltr'><strong>umquam</strong></span> <span class='ocrx_word' id='word_1_154' title='bbox 1861 2757 2056 2797; x_wconf 79' lang='lat' dir='ltr'><strong>vacua</strong></span> 
     </span>
     <span class='ocr_line' id='line_1_22' title="bbox 299 2817 2054 2896; baseline 0.002 -23"><span class='ocrx_word' id='word_1_155' title='bbox 299 2819 513 2874; x_wconf 84' lang='lat' dir='ltr'><strong>mortis</strong></span> <span class='ocrx_word' id='word_1_156' title='bbox 541 2819 806 2892; x_wconf 88' lang='lat' dir='ltr'><strong>periculo</strong></span> <span class='ocrx_word' id='word_1_157' title='bbox 837 2822 1015 2891; x_wconf 84' lang='lat' dir='ltr'><strong>atque</strong></span> <span class='ocrx_word' id='word_1_158' title='bbox 1036 2818 1277 2875; x_wconf 84' lang='lat' dir='ltr'><strong>insidiis</strong></span> <span class='ocrx_word' id='word_1_159' title='bbox 1299 2817 1426 2874; x_wconf 89' lang='lat' dir='ltr'><strong>fuit.</strong></span> <span class='ocrx_word' id='word_1_160' title='bbox 1453 2818 1622 2896; x_wconf 51' lang='lat' dir='ltr'><strong>VEgo</strong></span> <span class='ocrx_word' id='word_1_161' title='bbox 1653 2817 1846 2874; x_wconf 86' lang='lat' dir='ltr'><strong>multa</strong></span> <span class='ocrx_word' id='word_1_162' title='bbox 1869 2821 2054 2890; x_wconf 81' lang='lat' dir='ltr'><strong>tacui,</strong></span> 
     </span>
     <span class='ocr_line' id='line_1_23' title="bbox 197 2896 2057 2972; baseline 0.001 -19"><span class='ocrx_word' id='word_1_163' title='bbox 197 2898 272 2953; x_wconf 84' lang='lat'><strong>20</strong></span> <span class='ocrx_word' id='word_1_164' title='bbox 301 2896 493 2953; x_wconf 86' lang='lat' dir='ltr'><strong>multa</strong></span> <span class='ocrx_word' id='word_1_165' title='bbox 530 2898 769 2972; x_wconf 85' lang='lat' dir='ltr'><strong>pertuli,</strong></span> <span class='ocrx_word' id='word_1_166' title='bbox 815 2897 1007 2952; x_wconf 84' lang='lat' dir='ltr'><strong>multa</strong></span> <span class='ocrx_word' id='word_1_167' title='bbox 1049 2897 1335 2964; x_wconf 89' lang='lat' dir='ltr'><strong>concessi,</strong></span> <span class='ocrx_word' id='word_1_168' title='bbox 1381 2897 1572 2953; x_wconf 84' lang='lat' dir='ltr'><strong>multa</strong></span> <span class='ocrx_word' id='word_1_169' title='bbox 1614 2914 1748 2952; x_wconf 87' lang='lat' dir='ltr'><strong>meo</strong></span> <span class='ocrx_word' id='word_1_170' title='bbox 1789 2898 2057 2971; x_wconf 75' lang='lat' dir='ltr'><strong>quodam</strong></span> 
     </span>
     <span class='ocr_line' id='line_1_24' title="bbox 303 2975 2054 3033; baseline 0.001 -2"><span class='ocrx_word' id='word_1_171' title='bbox 303 2975 504 3031; x_wconf 88' lang='lat' dir='ltr'><strong>dolore</strong></span> <span class='ocrx_word' id='word_1_172' title='bbox 527 2976 590 3030; x_wconf 92' lang='lat' dir='ltr'><strong>in</strong></span> <span class='ocrx_word' id='word_1_173' title='bbox 612 2984 817 3032; x_wconf 83' lang='lat' dir='ltr'><strong>vestro</strong></span> <span class='ocrx_word' id='word_1_174' title='bbox 841 2977 1056 3032; x_wconf 86' lang='lat' dir='ltr'><strong>timore</strong></span> <span class='ocrx_word' id='word_1_175' title='bbox 1086 2976 1328 3031; x_wconf 82' lang='lat' dir='ltr'><strong>sanavi:</strong></span> <span class='ocrx_word' id='word_1_176' title='bbox 1373 2994 1531 3032; x_wconf 92' lang='lat' dir='ltr'><strong>nunc</strong></span> <span class='ocrx_word' id='word_1_177' title='bbox 1560 2976 1612 3032; x_wconf 91' lang='lat' dir='ltr'><strong>si</strong></span> <span class='ocrx_word' id='word_1_178' title='bbox 1644 2975 1800 3031; x_wconf 90' lang='lat' dir='ltr'><strong>hunc</strong></span> <span class='ocrx_word' id='word_1_179' title='bbox 1820 2978 2054 3033; x_wconf 88' lang='lat' dir='ltr'><strong>exitum</strong></span> 
     </span>
     <span class='ocr_line' id='line_1_25' title="bbox 301 3054 2057 3127; baseline 0.001 -18"><span class='ocrx_word' id='word_1_180' title='bbox 301 3054 652 3109; x_wconf 87' lang='lat' dir='ltr'><strong>consulatus</strong></span> <span class='ocrx_word' id='word_1_181' title='bbox 682 3054 800 3109; x_wconf 85' lang='lat' dir='ltr'><strong>mei</strong></span> <span class='ocrx_word' id='word_1_182' title='bbox 829 3055 889 3109; x_wconf 83' lang='lat' dir='ltr'><strong>di</strong></span> <span class='ocrx_word' id='word_1_183' title='bbox 920 3055 1292 3110; x_wconf 86' lang='lat' dir='ltr'><strong>immortales</strong></span> <span class='ocrx_word' id='word_1_184' title='bbox 1320 3071 1453 3111; x_wconf 87' lang='lat' dir='ltr'><strong>esse</strong></span> <span class='ocrx_word' id='word_1_185' title='bbox 1479 3055 1816 3127; x_wconf 86' lang='lat' dir='ltr'><strong>voluerunt,</strong></span> <span class='ocrx_word' id='word_1_186' title='bbox 1842 3061 1914 3111; x_wconf 93' lang='lat' dir='ltr'><strong>ut</strong></span> <span class='ocrx_word' id='word_1_187' title='bbox 1944 3073 2057 3113; x_wconf 86' lang='lat' dir='ltr'><strong>vos</strong></span> 
     </span>
     <span class='ocr_line' id='line_1_26' title="bbox 299 3132 2060 3208; baseline 0.003 -23"><span class='ocrx_word' id='word_1_188' title='bbox 299 3132 709 3203; x_wconf 89' lang='lat' dir='ltr'><strong>populumque</strong></span> <span class='ocrx_word' id='word_1_189' title='bbox 729 3132 1076 3187; x_wconf 87' lang='lat' dir='ltr'><strong>Romanum</strong></span> <span class='ocrx_word' id='word_1_190' title='bbox 1096 3150 1171 3188; x_wconf 86' lang='lat' dir='ltr'><strong>ex</strong></span> <span class='ocrx_word' id='word_1_191' title='bbox 1191 3133 1368 3189; x_wconf 86' lang='lat' dir='ltr'><strong>caede</strong></span> <span class='ocrx_word' id='word_1_192' title='bbox 1393 3133 1746 3201; x_wconf 85' lang='lat' dir='ltr'><strong>miserrima,</strong></span> <span class='ocrx_word' id='word_1_193' title='bbox 1762 3135 2060 3208; x_wconf 81' lang='lat' dir='ltr'><strong>conjuges</strong></span> 
     </span>
    </p>
   </div>
   <div class='ocr_carea' id='block_1_5' title="bbox 200 3206 2178 3415">
    <p class='ocr_par' dir='ltr' id='par_1_7' title="bbox 200 3206 2178 3415">
     <span class='ocr_line' id='line_1_27' title="bbox 303 3206 2178 3284; baseline 0.005 -23"><span class='ocrx_word' id='word_1_194' title='bbox 303 3206 639 3282; x_wconf 88' lang='lat' dir='ltr'><strong>liberosque</strong></span> <span class='ocrx_word' id='word_1_195' title='bbox 662 3216 898 3265; x_wconf 87' lang='lat' dir='ltr'><strong>vestros</strong></span> <span class='ocrx_word' id='word_1_196' title='bbox 920 3210 1307 3284; x_wconf 84' lang='lat' dir='ltr'><strong>virginesque</strong></span> <span class='ocrx_word' id='word_1_197' title='bbox 1332 3211 1615 3268; x_wconf 87' lang='lat' dir='ltr'><strong>Vestales</strong></span> <span class='ocrx_word' id='word_1_198' title='bbox 1639 3228 1713 3267; x_wconf 86' lang='lat' dir='ltr'><strong>ex</strong></span> <span class='ocrx_word' id='word_1_199' title='bbox 1742 3214 2058 3270; x_wconf 83' lang='lat' dir='ltr'><strong>acerbissi-</strong></span> <span class='ocrx_word' id='word_1_200' title='bbox 2165 3245 2178 3260; x_wconf 51' lang='grc' dir='ltr'><strong>ν</strong></span> 
     </span>
     <span class='ocr_line' id='line_1_28' title="bbox 200 3283 2154 3415; baseline 0.007 -79"><span class='ocrx_word' id='word_1_201' title='bbox 200 3283 272 3338; x_wconf 82' lang='lat'><strong>25</strong></span> <span class='ocrx_word' id='word_1_202' title='bbox 303 3301 404 3341; x_wconf 71' lang='lat' dir='ltr'><strong>ma</strong></span> <span class='ocrx_word' id='word_1_203' title='bbox 433 3287 767 3355; x_wconf 83' lang='lat' dir='ltr'><strong>vexatione,</strong></span> <span class='ocrx_word' id='word_1_204' title='bbox 792 3288 1016 3359; x_wconf 87' lang='lat' dir='ltr'><strong>templa</strong></span> <span class='ocrx_word' id='word_1_205' title='bbox 1045 3294 1223 3361; x_wconf 81' lang='lat' dir='ltr'><strong>atque</strong></span> <span class='ocrx_word' id='word_1_206' title='bbox 1253 3289 1517 3362; x_wconf 85' lang='lat' dir='ltr'><strong>delubra,</strong></span> <span class='ocrx_word' id='word_1_207' title='bbox 1547 3290 1701 3347; x_wconf 86' lang='lat' dir='ltr'><strong>hanc</strong></span> <span class='ocrx_word' id='word_1_208' title='bbox 1728 3291 2060 3415; x_wconf 56' lang='grc' dir='ltr'><strong>ἓᾶιὶοὴθηία</strong></span> <span class='ocrx_word' id='word_1_209' title='bbox 2145 3291 2154 3300; x_wconf 92' lang='grc'><em>“</em></span> 
     </span>
    </p>
   </div>
   <div class='ocr_carea' id='block_1_6' title="bbox 2261 909 2280 1026">
    <p class='ocr_par' dir='ltr' id='par_1_8' title="bbox 2261 909 2280 1026">
     <span class='ocr_line' id='line_1_29' title="bbox 2261 909 2280 1026; baseline 0 0"><span class='ocrx_word' id='word_1_210' title='bbox 2261 909 2280 1026; x_wconf 74' lang='grc' dir='ltr'><strong><em>Ι</em></strong></span> 
     </span>
    </p>
   </div>
   <div class='ocr_carea' id='block_1_7' title="bbox 2075 1029 2284 3671">
    <p class='ocr_par' dir='ltr' id='par_1_9' title="bbox 2075 1029 2284 3671">
     <span class='ocr_line' id='line_1_30' title="bbox 2075 1029 2284 3671; baseline 0 0"><span class='ocrx_word' id='word_1_211' title='bbox 2075 1029 2284 3671; x_wconf 95' lang='lat' dir='ltr'><strong> </strong></span> 
     </span>
    </p>
   </div>
  </div>
 </body>
</html>
