<?xml version="1.0" encoding="UTF-8"?>
<!DOCTYPE html PUBLIC "-//W3C//DTD XHTML 1.0 Transitional//EN"
    "http://www.w3.org/TR/xhtml1/DTD/xhtml1-transitional.dtd">
<html xmlns="http://www.w3.org/1999/xhtml" xml:lang="en" lang="en">
 <head>
  <title>
</title>
<meta http-equiv="Content-Type" content="text/html;charset=utf-8" />
  <meta name='ocr-system' content='tesseract 3.04.00' />
  <meta name='ocr-capabilities' content='ocr_page ocr_carea ocr_par ocr_line ocrx_word'/>
</head>
<body>
  <div class='ocr_page' id='page_1' title='image "./selectorationsm03stuagoog_0211.png"; bbox 0 0 2284 3717; ppageno 0'>
   <div class='ocr_carea' id='block_1_1' title="bbox 679 162 2059 227">
    <p class='ocr_par' dir='ltr' id='par_1_1' title="bbox 679 162 2059 227">
     <span class='ocr_line' id='line_1_1' title="bbox 679 162 2059 227; baseline 0.004 -5"><span class='ocrx_word' id='word_1_1' title='bbox 679 175 762 223; x_wconf 78' lang='lat' dir='ltr'>IN</span> <span class='ocrx_word' id='word_1_2' title='bbox 811 175 874 224; x_wconf 83' lang='lat' dir='ltr'>c.</span> <span class='ocrx_word' id='word_1_3' title='bbox 907 175 1220 224; x_wconf 75' lang='lat' dir='ltr'><strong>VERREM</strong></span> <span class='ocrx_word' id='word_1_4' title='bbox 1268 175 1489 224; x_wconf 69' lang='lat' dir='ltr'>Aemo</span> <span class='ocrx_word' id='word_1_5' title='bbox 1540 177 1590 225; x_wconf 92' lang='lat'>1.</span> <span class='ocrx_word' id='word_1_6' title='bbox 1930 162 2059 227; x_wconf 84' lang='lat'>205</span> 
     </span>
    </p>
   </div>
   <div class='ocr_carea' id='block_1_2' title="bbox 196 332 2068 3428">
    <p class='ocr_par' dir='ltr' id='par_1_2' title="bbox 196 332 2068 3428">
     <span class='ocr_line' id='line_1_2' title="bbox 196 332 1947 410; baseline 0 -19"><span class='ocrx_word' id='word_1_7' title='bbox 196 332 412 404; x_wconf 80' lang='lat' dir='ltr'>litatis,</span> <span class='ocrx_word' id='word_1_8' title='bbox 442 332 560 391; x_wconf 89' lang='lat' dir='ltr'>hoc</span> <span class='ocrx_word' id='word_1_9' title='bbox 589 337 700 403; x_wconf 89' lang='lat' dir='ltr'>est,</span> <span class='ocrx_word' id='word_1_10' title='bbox 732 332 1045 390; x_wconf 87' lang='lat' dir='ltr'>bominum</span> <span class='ocrx_word' id='word_1_11' title='bbox 1089 333 1505 408; x_wconf 85' lang='lat' dir='ltr'>arrogantium</span> <span class='ocrx_word' id='word_1_12' title='bbox 1546 334 1810 406; x_wconf 88' lang='lat' dir='ltr'>nomina,</span> <span class='ocrx_word' id='word_1_13' title='bbox 1843 334 1947 410; x_wconf 93' lang='lat' dir='ltr'>qui</span> 
     </span>
     <span class='ocr_line' id='line_1_3' title="bbox 200 412 1951 489; baseline 0.001 -20"><span class='ocrx_word' id='word_1_14' title='bbox 200 431 322 470; x_wconf 87' lang='lat' dir='ltr'>non</span> <span class='ocrx_word' id='word_1_15' title='bbox 365 420 499 471; x_wconf 90' lang='lat' dir='ltr'>tam</span> <span class='ocrx_word' id='word_1_16' title='bbox 547 431 644 469; x_wconf 89' lang='lat' dir='ltr'>me</span> <span class='ocrx_word' id='word_1_17' title='bbox 690 413 1043 488; x_wconf 89' lang='lat' dir='ltr'>impediunt,</span> <span class='ocrx_word' id='word_1_18' title='bbox 1074 412 1234 488; x_wconf 89' lang='lat' dir='ltr'>quod</span> <span class='ocrx_word' id='word_1_19' title='bbox 1278 413 1511 471; x_wconf 85' lang='lat' dir='ltr'>nobiles</span> <span class='ocrx_word' id='word_1_20' title='bbox 1559 420 1718 483; x_wconf 85' lang='lat' dir='ltr'>sunt,</span> <span class='ocrx_word' id='word_1_21' title='bbox 1769 432 1951 489; x_wconf 89' lang='lat' dir='ltr'>quam</span> 
     </span>
     <span class='ocr_line' id='line_1_4' title="bbox 201 483 1954 569; baseline 0.001 -20"><span class='ocrx_word' id='word_1_22' title='bbox 201 493 517 566; x_wconf 86' lang='lat' dir='ltr'>adjuvant,</span> <span class='ocrx_word' id='word_1_23' title='bbox 550 491 711 567; x_wconf 91' lang='lat' dir='ltr'>quod</span> <span class='ocrx_word' id='word_1_24' title='bbox 740 493 868 549; x_wconf 89' lang='lat' dir='ltr'>noti</span> <span class='ocrx_word' id='word_1_25' title='bbox 897 498 1056 550; x_wconf 93' lang='lat' dir='ltr'>sunt.</span> <span class='ocrx_word' id='word_1_26' title='bbox 1146 483 1405 550; x_wconf 82' lang='lat' dir='ltr'><strong>Simulat</strong></span> <span class='ocrx_word' id='word_1_27' title='bbox 1434 511 1499 550; x_wconf 91' lang='lat' dir='ltr'>se</span> <span class='ocrx_word' id='word_1_28' title='bbox 1538 511 1744 550; x_wconf 90' lang='lat' dir='ltr'>eorum</span> <span class='ocrx_word' id='word_1_29' title='bbox 1788 511 1954 569; x_wconf 90' lang='lat' dir='ltr'>prae·</span> 
     </span>
     <span class='ocr_line' id='line_1_5' title="bbox 201 571 1952 646; baseline 0.001 -18"><span class='ocrx_word' id='word_1_30' title='bbox 201 573 357 629; x_wconf 90' lang='lat' dir='ltr'>sidio</span> <span class='ocrx_word' id='word_1_31' title='bbox 384 571 699 640; x_wconf 87' lang='lat' dir='ltr'>confidere,</span> <span class='ocrx_word' id='word_1_32' title='bbox 731 590 867 629; x_wconf 92' lang='lat' dir='ltr'>cum</span> <span class='ocrx_word' id='word_1_33' title='bbox 897 572 1126 629; x_wconf 89' lang='lat' dir='ltr'>interea</span> <span class='ocrx_word' id='word_1_34' title='bbox 1157 572 1321 629; x_wconf 91' lang='lat' dir='ltr'>aliud</span> <span class='ocrx_word' id='word_1_35' title='bbox 1352 573 1642 646; x_wconf 82' lang='lat' dir='ltr'><strong>quiddam</strong></span> <span class='ocrx_word' id='word_1_36' title='bbox 1674 574 1803 646; x_wconf 88' lang='lat' dir='ltr'>jam</span> <span class='ocrx_word' id='word_1_37' title='bbox 1847 573 1952 630; x_wconf 92' lang='lat' dir='ltr'>diu</span> 
     </span>
     <span class='ocr_line' id='line_1_6' title="bbox 198 651 2055 725; baseline 0.002 -17"><span class='ocrx_word' id='word_1_38' title='bbox 198 651 598 709; x_wconf 78' lang='lat' dir='ltr'><strong>machinetur.</strong></span> <span class='ocrx_word' id='word_1_39' title='bbox 687 651 879 724; x_wconf 79' lang='lat' dir='ltr'>Quam</span> <span class='ocrx_word' id='word_1_40' title='bbox 913 670 1080 725; x_wconf 89' lang='lat' dir='ltr'>spem</span> <span class='ocrx_word' id='word_1_41' title='bbox 1109 669 1271 709; x_wconf 90' lang='lat' dir='ltr'>nunc</span> <span class='ocrx_word' id='word_1_42' title='bbox 1301 651 1524 709; x_wconf 86' lang='lat' dir='ltr'>habeat</span> <span class='ocrx_word' id='word_1_43' title='bbox 1565 652 1628 708; x_wconf 94' lang='lat' dir='ltr'>in</span> <span class='ocrx_word' id='word_1_44' title='bbox 1671 653 1949 710; x_wconf 87' lang='lat' dir='ltr'>manibus</span> <span class='ocrx_word' id='word_1_45' title='bbox 2019 655 2055 712; x_wconf 82' lang='lat'>5</span> 
     </span>
     <span class='ocr_line' id='line_1_7' title="bbox 199 731 1954 806; baseline 0.001 -19"><span class='ocrx_word' id='word_1_46' title='bbox 199 740 260 789; x_wconf 91' lang='lat' dir='ltr'>et</span> <span class='ocrx_word' id='word_1_47' title='bbox 296 731 450 806; x_wconf 90' lang='lat' dir='ltr'>quid</span> <span class='ocrx_word' id='word_1_48' title='bbox 490 731 776 787; x_wconf 87' lang='lat' dir='ltr'>moliatur</span> <span class='ocrx_word' id='word_1_49' title='bbox 818 731 1078 788; x_wconf 89' lang='lat' dir='ltr'>breviter</span> <span class='ocrx_word' id='word_1_50' title='bbox 1108 733 1255 804; x_wconf 87' lang='lat' dir='ltr'>jam,</span> <span class='ocrx_word' id='word_1_51' title='bbox 1277 731 1530 804; x_wconf 84' lang='lat' dir='ltr'>judices,</span> <span class='ocrx_word' id='word_1_52' title='bbox 1565 731 1734 788; x_wconf 85' lang='lat' dir='ltr'>vobis</span> <span class='ocrx_word' id='word_1_53' title='bbox 1775 750 1954 806; x_wconf 86' lang='lat' dir='ltr'>expo-</span> 
     </span>
     <span class='ocr_line' id='line_1_8' title="bbox 198 809 1948 885; baseline 0 -19"><span class='ocrx_word' id='word_1_54' title='bbox 198 828 341 867; x_wconf 97' lang='lat' dir='ltr'>nam</span> <span class='ocrx_word' id='word_1_55' title='bbox 367 831 382 884; x_wconf 88' lang='lat'>;</span> <span class='ocrx_word' id='word_1_56' title='bbox 429 809 535 866; x_wconf 90' lang='lat' dir='ltr'>sed</span> <span class='ocrx_word' id='word_1_57' title='bbox 565 810 729 885; x_wconf 88' lang='lat' dir='ltr'>prius</span> <span class='ocrx_word' id='word_1_58' title='bbox 758 815 826 866; x_wconf 92' lang='lat' dir='ltr'>ut</span> <span class='ocrx_word' id='word_1_59' title='bbox 856 811 930 867; x_wconf 87' lang='lat' dir='ltr'>ab</span> <span class='ocrx_word' id='word_1_60' title='bbox 961 811 1136 868; x_wconf 89' lang='lat' dir='ltr'>initio</span> <span class='ocrx_word' id='word_1_61' title='bbox 1166 828 1261 868; x_wconf 85' lang='lat' dir='ltr'>res</span> <span class='ocrx_word' id='word_1_62' title='bbox 1290 811 1366 868; x_wconf 92' lang='lat' dir='ltr'>ab</span> <span class='ocrx_word' id='word_1_63' title='bbox 1395 828 1466 868; x_wconf 85' lang='lat' dir='ltr'>eo</span> <span class='ocrx_word' id='word_1_64' title='bbox 1489 811 1823 868; x_wconf 89' lang='lat' dir='ltr'>constituta</span> <span class='ocrx_word' id='word_1_65' title='bbox 1851 812 1948 881; x_wconf 84' lang='lat' dir='ltr'>sit,</span> 
     </span>
     <span class='ocr_line' id='line_1_9' title="bbox 197 890 1947 965; baseline 0 -19"><span class='ocrx_word' id='word_1_66' title='bbox 197 906 449 965; x_wconf 68' lang='lat' dir='ltr'>quaesQ</span> <span class='ocrx_word' id='word_1_67' title='bbox 494 890 871 964; x_wconf 83' lang='lat' dir='ltr'>cognoscite:</span> <span class='ocrx_word' id='word_1_68' title='bbox 916 896 985 946; x_wconf 93' lang='lat' dir='ltr'>ut</span> <span class='ocrx_word' id='word_1_69' title='bbox 1025 890 1289 965; x_wconf 90' lang='lat' dir='ltr'>primum</span> <span class='ocrx_word' id='word_1_70' title='bbox 1331 908 1362 948; x_wconf 90' lang='lat' dir='ltr'>e</span> <span class='ocrx_word' id='word_1_71' title='bbox 1406 890 1716 964; x_wconf 89' lang='lat' dir='ltr'>provincia</span> <span class='ocrx_word' id='word_1_72' title='bbox 1758 890 1947 961; x_wconf 86' lang='lat' dir='ltr'>rediit,</span> 
     </span>
     <span class='ocr_line' id='line_1_10' title="bbox 198 968 1949 1044; baseline 0 -19"><span class='ocrx_word' id='word_1_73' title='bbox 198 968 543 1041; x_wconf 80' lang='lat' dir='ltr'>redemptio</span> <span class='ocrx_word' id='word_1_74' title='bbox 594 976 689 1025; x_wconf 88' lang='lat' dir='ltr'>est</span> <span class='ocrx_word' id='word_1_75' title='bbox 735 969 912 1042; x_wconf 91' lang='lat' dir='ltr'>hujus</span> <span class='ocrx_word' id='word_1_76' title='bbox 951 969 1165 1043; x_wconf 89' lang='lat' dir='ltr'>judicii</span> <span class='ocrx_word' id='word_1_77' title='bbox 1211 969 1363 1027; x_wconf 83' lang='lat' dir='ltr'>sacta</span> <span class='ocrx_word' id='word_1_78' title='bbox 1413 971 1630 1044; x_wconf 86' lang='lat' dir='ltr'>grandi</span> <span class='ocrx_word' id='word_1_79' title='bbox 1680 970 1949 1043; x_wconf 86' lang='lat' dir='ltr'>pecunia.</span> 
     </span>
     <span class='ocr_line' id='line_1_11' title="bbox 198 1047 2056 1124; baseline 0.002 -19"><span class='ocrx_word' id='word_1_80' title='bbox 198 1048 442 1106; x_wconf 80' lang='lat' dir='ltr'><strong>Mansit</strong></span> <span class='ocrx_word' id='word_1_81' title='bbox 490 1047 553 1104; x_wconf 95' lang='lat' dir='ltr'>in</span> <span class='ocrx_word' id='word_1_82' title='bbox 601 1048 949 1106; x_wconf 89' lang='lat' dir='ltr'>condicione</span> <span class='ocrx_word' id='word_1_83' title='bbox 996 1054 1176 1124; x_wconf 89' lang='lat' dir='ltr'>atque</span> <span class='ocrx_word' id='word_1_84' title='bbox 1224 1055 1403 1124; x_wconf 83' lang='lat' dir='ltr'>pacto</span> <span class='ocrx_word' id='word_1_85' title='bbox 1448 1067 1637 1124; x_wconf 90' lang='lat' dir='ltr'>usque</span> <span class='ocrx_word' id='word_1_86' title='bbox 1688 1048 1765 1106; x_wconf 89' lang='lat' dir='ltr'>ad</span> <span class='ocrx_word' id='word_1_87' title='bbox 1813 1066 1951 1106; x_wconf 90' lang='lat' dir='ltr'>eum</span> <span class='ocrx_word' id='word_1_88' title='bbox 1985 1052 2056 1108; x_wconf 89' lang='grc'>10</span> 
     </span>
     <span class='ocr_line' id='line_1_12' title="bbox 200 1127 1953 1203; baseline 0 -19"><span class='ocrx_word' id='word_1_89' title='bbox 200 1128 399 1197; x_wconf 85' lang='lat' dir='ltr'>finem,</span> <span class='ocrx_word' id='word_1_90' title='bbox 433 1127 575 1184; x_wconf 91' lang='lat' dir='ltr'>dum</span> <span class='ocrx_word' id='word_1_91' title='bbox 597 1128 833 1201; x_wconf 90' lang='lat' dir='ltr'>judices</span> <span class='ocrx_word' id='word_1_92' title='bbox 863 1129 1066 1202; x_wconf 88' lang='lat' dir='ltr'>rejecti</span> <span class='ocrx_word' id='word_1_93' title='bbox 1095 1135 1269 1202; x_wconf 90' lang='lat' dir='ltr'>sunt;</span> <span class='ocrx_word' id='word_1_94' title='bbox 1312 1133 1525 1203; x_wconf 86' lang='lat' dir='ltr'>postea</span> <span class='ocrx_word' id='word_1_95' title='bbox 1566 1146 1749 1202; x_wconf 90' lang='lat' dir='ltr'>quam</span> <span class='ocrx_word' id='word_1_96' title='bbox 1780 1130 1953 1201; x_wconf 90' lang='lat' dir='ltr'>rejec-</span> 
     </span>
     <span class='ocr_line' id='line_1_13' title="bbox 198 1207 1953 1282; baseline 0 -18"><span class='ocrx_word' id='word_1_97' title='bbox 198 1207 287 1264; x_wconf 87' lang='lat' dir='ltr'>tio</span> <span class='ocrx_word' id='word_1_98' title='bbox 321 1207 600 1281; x_wconf 89' lang='lat' dir='ltr'>judicum</span> <span class='ocrx_word' id='word_1_99' title='bbox 643 1207 801 1265; x_wconf 91' lang='lat' dir='ltr'>facta</span> <span class='ocrx_word' id='word_1_100' title='bbox 843 1214 954 1277; x_wconf 89' lang='lat' dir='ltr'>est,</span> <span class='ocrx_word' id='word_1_101' title='bbox 999 1208 1160 1282; x_wconf 91' lang='lat' dir='ltr'>quod</span> <span class='ocrx_word' id='word_1_102' title='bbox 1203 1214 1265 1265; x_wconf 90' lang='lat' dir='ltr'>et</span> <span class='ocrx_word' id='word_1_103' title='bbox 1301 1209 1362 1264; x_wconf 93' lang='lat' dir='ltr'>in</span> <span class='ocrx_word' id='word_1_104' title='bbox 1411 1208 1724 1265; x_wconf 87' lang='lat' dir='ltr'>sortitione</span> <span class='ocrx_word' id='word_1_105' title='bbox 1775 1207 1953 1264; x_wconf 90' lang='lat' dir='ltr'>istius</span> 
     </span>
     <span class='ocr_line' id='line_1_14' title="bbox 201 1280 1954 1361; baseline 0 -18"><span class='ocrx_word' id='word_1_106' title='bbox 201 1305 374 1360; x_wconf 86' lang='lat' dir='ltr'>spem</span> <span class='ocrx_word' id='word_1_107' title='bbox 404 1286 647 1343; x_wconf 87' lang='lat' dir='ltr'>fortuna</span> <span class='ocrx_word' id='word_1_108' title='bbox 673 1287 878 1361; x_wconf 92' lang='lat' dir='ltr'>populi</span> <span class='ocrx_word' id='word_1_109' title='bbox 912 1288 1176 1345; x_wconf 88' lang='lat' dir='ltr'>Romani</span> <span class='ocrx_word' id='word_1_110' title='bbox 1219 1280 1279 1344; x_wconf 69' lang='lat' dir='ltr'>e‘t</span> <span class='ocrx_word' id='word_1_111' title='bbox 1321 1287 1383 1343; x_wconf 94' lang='lat' dir='ltr'>in</span> <span class='ocrx_word' id='word_1_112' title='bbox 1429 1287 1765 1361; x_wconf 78' lang='lat' dir='ltr'>rejiciendis</span> <span class='ocrx_word' id='word_1_113' title='bbox 1796 1287 1954 1360; x_wconf 89' lang='lat' dir='ltr'>judi-</span> 
     </span>
     <span class='ocr_line' id='line_1_15' title="bbox 202 1366 1950 1442; baseline -0.001 -19"><span class='ocrx_word' id='word_1_114' title='bbox 202 1366 373 1423; x_wconf 81' lang='lat' dir='ltr'>cibus</span> <span class='ocrx_word' id='word_1_115' title='bbox 404 1383 542 1422; x_wconf 89' lang='lat' dir='ltr'>mea</span> <span class='ocrx_word' id='word_1_116' title='bbox 584 1366 901 1441; x_wconf 82' lang='lat' dir='ltr'>diligentia</span> <span class='ocrx_word' id='word_1_117' title='bbox 941 1367 1196 1424; x_wconf 89' lang='lat' dir='ltr'>istorum</span> <span class='ocrx_word' id='word_1_118' title='bbox 1237 1367 1673 1442; x_wconf 87' lang='lat' dir='ltr'>impudentiam</span> <span class='ocrx_word' id='word_1_119' title='bbox 1708 1368 1950 1435; x_wconf 87' lang='lat' dir='ltr'>vicerat,</span> 
     </span>
     <span class='ocr_line' id='line_1_16' title="bbox 203 1445 2060 1504; baseline 0.001 -2"><span class='ocrx_word' id='word_1_120' title='bbox 203 1445 557 1502; x_wconf 87' lang='lat' dir='ltr'>renuntiata</span> <span class='ocrx_word' id='word_1_121' title='bbox 577 1452 671 1503; x_wconf 88' lang='lat' dir='ltr'>est</span> <span class='ocrx_word' id='word_1_122' title='bbox 697 1452 829 1503; x_wconf 89' lang='lat' dir='ltr'>tota</span> <span class='ocrx_word' id='word_1_123' title='bbox 851 1447 1135 1504; x_wconf 79' lang='lat' dir='ltr'>condicio,</span> <span class='ocrx_word' id='word_1_124' title='bbox 1225 1447 1542 1504; x_wconf 82' lang='lat' dir='ltr'>Praeclare</span> <span class='ocrx_word' id='word_1_125' title='bbox 1566 1464 1630 1503; x_wconf 92' lang='lat' dir='ltr'>se</span> <span class='ocrx_word' id='word_1_126' title='bbox 1655 1464 1750 1503; x_wconf 89' lang='lat' dir='ltr'>res</span> <span class='ocrx_word' id='word_1_127' title='bbox 1774 1445 1953 1502; x_wconf 88' lang='lat' dir='ltr'>habe·</span> <span class='ocrx_word' id='word_1_128' title='bbox 1986 1447 2060 1504; x_wconf 82' lang='lat'>15</span> 
     </span>
     <span class='ocr_line' id='line_1_17' title="bbox 203 1523 1954 1600; baseline 0 -19"><span class='ocrx_word' id='word_1_129' title='bbox 203 1525 343 1583; x_wconf 83' lang='lat' dir='ltr'>bat:</span> <span class='ocrx_word' id='word_1_130' title='bbox 402 1524 592 1581; x_wconf 89' lang='lat' dir='ltr'>libelli</span> <span class='ocrx_word' id='word_1_131' title='bbox 638 1526 950 1582; x_wconf 90' lang='lat' dir='ltr'>nominum</span> <span class='ocrx_word' id='word_1_132' title='bbox 998 1533 1335 1583; x_wconf 90' lang='lat' dir='ltr'>vestrorum</span> <span class='ocrx_word' id='word_1_133' title='bbox 1380 1526 1734 1600; x_wconf 84' lang='lat' dir='ltr'>consiliique</span> <span class='ocrx_word' id='word_1_134' title='bbox 1777 1523 1954 1597; x_wconf 84' lang='lat' dir='ltr'>hujus</span> 
     </span>
     <span class='ocr_line' id='line_1_18' title="bbox 203 1604 1949 1674; baseline 0 -14"><span class='ocrx_word' id='word_1_135' title='bbox 203 1604 261 1661; x_wconf 94' lang='lat' dir='ltr'>in</span> <span class='ocrx_word' id='word_1_136' title='bbox 293 1604 583 1661; x_wconf 87' lang='lat' dir='ltr'>manibus</span> <span class='ocrx_word' id='word_1_137' title='bbox 612 1610 784 1661; x_wconf 88' lang='lat' dir='ltr'>erant</span> <span class='ocrx_word' id='word_1_138' title='bbox 812 1606 1097 1674; x_wconf 91' lang='lat' dir='ltr'>omnium,</span> <span class='ocrx_word' id='word_1_139' title='bbox 1130 1606 1295 1661; x_wconf 88' lang='lat' dir='ltr'>nulla</span> <span class='ocrx_word' id='word_1_140' title='bbox 1337 1611 1498 1673; x_wconf 89' lang='lat' dir='ltr'>nota,</span> <span class='ocrx_word' id='word_1_141' title='bbox 1531 1605 1732 1661; x_wconf 88' lang='lat' dir='ltr'>nullus</span> <span class='ocrx_word' id='word_1_142' title='bbox 1773 1604 1949 1674; x_wconf 84' lang='lat' dir='ltr'>color,</span> 
     </span>
     <span class='ocr_line' id='line_1_19' title="bbox 206 1684 1949 1758; baseline -0.001 -18"><span class='ocrx_word' id='word_1_143' title='bbox 206 1684 409 1740; x_wconf 86' lang='lat' dir='ltr'>nullae</span> <span class='ocrx_word' id='word_1_144' title='bbox 441 1684 650 1740; x_wconf 89' lang='lat' dir='ltr'>sordes</span> <span class='ocrx_word' id='word_1_145' title='bbox 680 1684 1038 1741; x_wconf 89' lang='lat' dir='ltr'>videbantur</span> <span class='ocrx_word' id='word_1_146' title='bbox 1067 1684 1162 1742; x_wconf 90' lang='lat' dir='ltr'>his</span> <span class='ocrx_word' id='word_1_147' title='bbox 1192 1684 1508 1741; x_wconf 85' lang='lat' dir='ltr'>sententiis</span> <span class='ocrx_word' id='word_1_148' title='bbox 1538 1684 1725 1741; x_wconf 91' lang='lat' dir='ltr'>adlini</span> <span class='ocrx_word' id='word_1_149' title='bbox 1755 1701 1949 1758; x_wconf 85' lang='lat' dir='ltr'>posse,</span> 
     </span>
     <span class='ocr_line' id='line_1_20' title="bbox 205 1763 1955 1838; baseline -0.001 -19"><span class='ocrx_word' id='word_1_150' title='bbox 205 1781 339 1820; x_wconf 91' lang='lat' dir='ltr'>cum</span> <span class='ocrx_word' id='word_1_151' title='bbox 371 1763 490 1820; x_wconf 91' lang='lat' dir='ltr'>iste</span> <span class='ocrx_word' id='word_1_152' title='bbox 521 1768 766 1836; x_wconf 90' lang='lat' dir='ltr'>repente</span> <span class='ocrx_word' id='word_1_153' title='bbox 796 1782 869 1821; x_wconf 87' lang='lat' dir='ltr'>ex</span> <span class='ocrx_word' id='word_1_154' title='bbox 899 1764 1082 1821; x_wconf 89' lang='lat' dir='ltr'>alacri</span> <span class='ocrx_word' id='word_1_155' title='bbox 1114 1768 1294 1838; x_wconf 90' lang='lat' dir='ltr'>atque</span> <span class='ocrx_word' id='word_1_156' title='bbox 1324 1765 1482 1821; x_wconf 84' lang='lat' dir='ltr'>laeto</span> <span class='ocrx_word' id='word_1_157' title='bbox 1505 1763 1592 1821; x_wconf 91' lang='lat' dir='ltr'>sic</span> <span class='ocrx_word' id='word_1_158' title='bbox 1614 1769 1743 1821; x_wconf 89' lang='lat' dir='ltr'>erat</span> <span class='ocrx_word' id='word_1_159' title='bbox 1766 1763 1955 1820; x_wconf 89' lang='lat' dir='ltr'>humi·</span> 
     </span>
     <span class='ocr_line' id='line_1_21' title="bbox 204 1841 2060 1918; baseline 0.001 -20"><span class='ocrx_word' id='word_1_160' title='bbox 204 1841 281 1899; x_wconf 93' lang='lat' dir='ltr'>lis</span> <span class='ocrx_word' id='word_1_161' title='bbox 325 1848 512 1916; x_wconf 88' lang='lat' dir='ltr'>atque</span> <span class='ocrx_word' id='word_1_162' title='bbox 555 1842 870 1911; x_wconf 89' lang='lat' dir='ltr'>demissus,</span> <span class='ocrx_word' id='word_1_163' title='bbox 902 1849 971 1900; x_wconf 93' lang='lat' dir='ltr'>ut</span> <span class='ocrx_word' id='word_1_164' title='bbox 1010 1861 1127 1899; x_wconf 92' lang='lat' dir='ltr'>non</span> <span class='ocrx_word' id='word_1_165' title='bbox 1169 1843 1346 1900; x_wconf 91' lang='lat' dir='ltr'>modo</span> <span class='ocrx_word' id='word_1_166' title='bbox 1390 1844 1613 1918; x_wconf 91' lang='lat' dir='ltr'>populo</span> <span class='ocrx_word' id='word_1_167' title='bbox 1656 1843 1952 1911; x_wconf 81' lang='lat' dir='ltr'>Romano,</span> <span class='ocrx_word' id='word_1_168' title='bbox 1986 1845 2060 1900; x_wconf 82' lang='lat'>20</span> 
     </span>
     <span class='ocr_line' id='line_1_22' title="bbox 207 1921 1954 1995; baseline -0.001 -17"><span class='ocrx_word' id='word_1_169' title='bbox 207 1923 310 1979; x_wconf 89' lang='lat' dir='ltr'>sed</span> <span class='ocrx_word' id='word_1_170' title='bbox 357 1922 544 1979; x_wconf 88' lang='lat' dir='ltr'>etiam</span> <span class='ocrx_word' id='word_1_171' title='bbox 594 1921 706 1977; x_wconf 89' lang='lat' dir='ltr'>sibi</span> <span class='ocrx_word' id='word_1_172' title='bbox 752 1923 881 1995; x_wconf 90' lang='lat' dir='ltr'>ipse</span> <span class='ocrx_word' id='word_1_173' title='bbox 921 1923 1358 1979; x_wconf 88' lang='lat' dir='ltr'>condemnatus</span> <span class='ocrx_word' id='word_1_174' title='bbox 1392 1923 1712 1980; x_wconf 86' lang='lat' dir='ltr'>videretur.</span> <span class='ocrx_word' id='word_1_175' title='bbox 1799 1921 1954 1978; x_wconf 89' lang='lat' dir='ltr'>Ecce</span> 
     </span>
     <span class='ocr_line' id='line_1_23' title="bbox 208 2000 1958 2077; baseline -0.002 -19"><span class='ocrx_word' id='word_1_176' title='bbox 208 2008 413 2058; x_wconf 89' lang='lat' dir='ltr'>autem</span> <span class='ocrx_word' id='word_1_177' title='bbox 457 2006 716 2075; x_wconf 89' lang='lat' dir='ltr'>repente,</span> <span class='ocrx_word' id='word_1_178' title='bbox 750 2000 846 2058; x_wconf 89' lang='lat' dir='ltr'>his</span> <span class='ocrx_word' id='word_1_179' title='bbox 877 2002 1087 2059; x_wconf 90' lang='lat' dir='ltr'>diebus</span> <span class='ocrx_word' id='word_1_180' title='bbox 1129 2003 1353 2077; x_wconf 79' lang='lat' dir='ltr'>pauciS,</span> <span class='ocrx_word' id='word_1_181' title='bbox 1387 2002 1647 2059; x_wconf 89' lang='lat' dir='ltr'>comitiis</span> <span class='ocrx_word' id='word_1_182' title='bbox 1690 2000 1958 2058; x_wconf 87' lang='lat' dir='ltr'>consula-</span> 
     </span>
     <span class='ocr_line' id='line_1_24' title="bbox 207 2080 1959 2155; baseline -0.002 -18"><span class='ocrx_word' id='word_1_183' title='bbox 207 2080 374 2138; x_wconf 88' lang='lat' dir='ltr'>ribus</span> <span class='ocrx_word' id='word_1_184' title='bbox 405 2080 601 2150; x_wconf 55' lang='lat' dir='ltr'>factm,</span> <span class='ocrx_word' id='word_1_185' title='bbox 633 2081 842 2137; x_wconf 87' lang='lat' dir='ltr'>eadem</span> <span class='ocrx_word' id='word_1_186' title='bbox 872 2082 976 2138; x_wconf 91' lang='lat' dir='ltr'>illa</span> <span class='ocrx_word' id='word_1_187' title='bbox 1006 2088 1213 2138; x_wconf 89' lang='lat' dir='ltr'>vetera</span> <span class='ocrx_word' id='word_1_188' title='bbox 1254 2082 1503 2139; x_wconf 88' lang='lat' dir='ltr'>consilia</span> <span class='ocrx_word' id='word_1_189' title='bbox 1545 2080 1796 2155; x_wconf 87' lang='lat' dir='ltr'>pecunia</span> <span class='ocrx_word' id='word_1_190' title='bbox 1836 2097 1959 2135; x_wconf 90' lang='lat' dir='ltr'>ma-</span> 
     </span>
     <span class='ocr_line' id='line_1_25' title="bbox 209 2159 1957 2235; baseline -0.002 -17"><span class='ocrx_word' id='word_1_191' title='bbox 209 2161 339 2234; x_wconf 88' lang='lat' dir='ltr'>jore</span> <span class='ocrx_word' id='word_1_192' title='bbox 367 2164 728 2233; x_wconf 84' lang='lat' dir='ltr'>repetuntur</span> <span class='ocrx_word' id='word_1_193' title='bbox 764 2162 1129 2235; x_wconf 87' lang='lat' dir='ltr'>eaedemque</span> <span class='ocrx_word' id='word_1_194' title='bbox 1162 2167 1397 2218; x_wconf 88' lang='lat' dir='ltr'>vestrae</span> <span class='ocrx_word' id='word_1_195' title='bbox 1439 2161 1633 2217; x_wconf 87' lang='lat' dir='ltr'>famae</span> <span class='ocrx_word' id='word_1_196' title='bbox 1675 2159 1957 2217; x_wconf 90' lang='lat' dir='ltr'>fortunis-</span> 
     </span>
     <span class='ocr_line' id='line_1_26' title="bbox 207 2238 2060 2315; baseline 0.002 -19"><span class='ocrx_word' id='word_1_197' title='bbox 207 2258 320 2315; x_wconf 92' lang='lat' dir='ltr'>que</span> <span class='ocrx_word' id='word_1_198' title='bbox 362 2239 638 2296; x_wconf 91' lang='lat' dir='ltr'>omnium</span> <span class='ocrx_word' id='word_1_199' title='bbox 682 2238 938 2298; x_wconf 84' lang='lat' dir='ltr'>insidiae</span> <span class='ocrx_word' id='word_1_200' title='bbox 981 2258 1088 2315; x_wconf 91' lang='lat' dir='ltr'>per</span> <span class='ocrx_word' id='word_1_201' title='bbox 1123 2241 1368 2298; x_wconf 89' lang='lat' dir='ltr'>eosdem</span> <span class='ocrx_word' id='word_1_202' title='bbox 1411 2239 1685 2297; x_wconf 91' lang='lat' dir='ltr'>homines</span> <span class='ocrx_word' id='word_1_203' title='bbox 1727 2256 1958 2313; x_wconf 87' lang='lat' dir='ltr'>compa-</span> <span class='ocrx_word' id='word_1_204' title='bbox 1987 2243 2060 2300; x_wconf 85' lang='grc'>25</span> 
     </span>
     <span class='ocr_line' id='line_1_27' title="bbox 208 2317 1957 2393; baseline -0.002 -17"><span class='ocrx_word' id='word_1_205' title='bbox 208 2326 434 2376; x_wconf 90' lang='lat' dir='ltr'>rantur.</span> <span class='ocrx_word' id='word_1_206' title='bbox 544 2318 712 2390; x_wconf 82' lang='lat' dir='ltr'>Quae</span> <span class='ocrx_word' id='word_1_207' title='bbox 762 2336 859 2375; x_wconf 93' lang='lat' dir='ltr'>res</span> <span class='ocrx_word' id='word_1_208' title='bbox 906 2321 1119 2393; x_wconf 88' lang='lat' dir='ltr'>primo,</span> <span class='ocrx_word' id='word_1_209' title='bbox 1162 2320 1412 2392; x_wconf 79' lang='lat' dir='ltr'>judiceS‚</span> <span class='ocrx_word' id='word_1_210' title='bbox 1463 2318 1737 2393; x_wconf 89' lang='lat' dir='ltr'>pertenui</span> <span class='ocrx_word' id='word_1_211' title='bbox 1782 2317 1957 2374; x_wconf 90' lang='lat' dir='ltr'>nobis</span> 
     </span>
     <span class='ocr_line' id='line_1_28' title="bbox 211 2397 1957 2474; baseline -0.002 -18"><span class='ocrx_word' id='word_1_212' title='bbox 211 2402 573 2473; x_wconf 87' lang='lat' dir='ltr'>argumento</span> <span class='ocrx_word' id='word_1_213' title='bbox 627 2397 965 2473; x_wconf 89' lang='lat' dir='ltr'>indicioque</span> <span class='ocrx_word' id='word_1_214' title='bbox 1014 2400 1321 2474; x_wconf 85' lang='lat' dir='ltr'>patefacta</span> <span class='ocrx_word' id='word_1_215' title='bbox 1370 2403 1501 2472; x_wconf 87' lang='lat' dir='ltr'>est;</span> <span class='ocrx_word' id='word_1_216' title='bbox 1562 2404 1700 2473; x_wconf 89' lang='lat' dir='ltr'>post</span> <span class='ocrx_word' id='word_1_217' title='bbox 1750 2401 1957 2471; x_wconf 88' lang='lat' dir='ltr'>aperto</span> 
     </span>
     <span class='ocr_line' id='line_1_29' title="bbox 211 2476 1959 2553; baseline -0.001 -18"><span class='ocrx_word' id='word_1_218' title='bbox 211 2477 577 2553; x_wconf 85' lang='lat' dir='ltr'>suspicionis</span> <span class='ocrx_word' id='word_1_219' title='bbox 607 2476 860 2534; x_wconf 90' lang='lat' dir='ltr'>introitu</span> <span class='ocrx_word' id='word_1_220' title='bbox 899 2478 977 2535; x_wconf 93' lang='lat' dir='ltr'>ad</span> <span class='ocrx_word' id='word_1_221' title='bbox 1023 2480 1225 2535; x_wconf 88' lang='lat' dir='ltr'>omnia</span> <span class='ocrx_word' id='word_1_222' title='bbox 1270 2479 1485 2535; x_wconf 89' lang='lat' dir='ltr'>intima</span> <span class='ocrx_word' id='word_1_223' title='bbox 1522 2479 1776 2535; x_wconf 91' lang='lat' dir='ltr'>istorum</span> <span class='ocrx_word' id='word_1_224' title='bbox 1825 2494 1959 2534; x_wconf 91' lang='lat' dir='ltr'>con-</span> 
     </span>
     <span class='ocr_line' id='line_1_30' title="bbox 211 2556 2068 2632; baseline -0.001 -17"><span class='ocrx_word' id='word_1_225' title='bbox 211 2559 348 2615; x_wconf 89' lang='lat' dir='ltr'>silia</span> <span class='ocrx_word' id='word_1_226' title='bbox 380 2557 512 2614; x_wconf 89' lang='lat' dir='ltr'>sine</span> <span class='ocrx_word' id='word_1_227' title='bbox 541 2556 665 2613; x_wconf 93' lang='lat' dir='ltr'>ullo</span> <span class='ocrx_word' id='word_1_228' title='bbox 695 2574 891 2614; x_wconf 90' lang='lat' dir='ltr'>errore</span> <span class='ocrx_word' id='word_1_229' title='bbox 920 2558 1318 2632; x_wconf 87' lang='lat' dir='ltr'>pervenimus.</span> <span class='ocrx_word' id='word_1_230' title='bbox 2059 2604 2068 2613; x_wconf 93' lang='lat'>.</span> 
     </span>
     <span class='ocr_line' id='line_1_31' title="bbox 290 2634 2064 2711; baseline 0.001 -17"><span class='ocrx_word' id='word_1_231' title='bbox 290 2638 342 2698; x_wconf 75' lang='grc'>7.</span> <span class='ocrx_word' id='word_1_232' title='bbox 391 2635 555 2692; x_wconf 90' lang='lat' dir='ltr'>Nam</span> <span class='ocrx_word' id='word_1_233' title='bbox 585 2641 654 2692; x_wconf 92' lang='lat' dir='ltr'>ut</span> <span class='ocrx_word' id='word_1_234' title='bbox 684 2634 1048 2693; x_wconf 86' lang='lat' dir='ltr'>Hortensius</span> <span class='ocrx_word' id='word_1_235' title='bbox 1078 2637 1287 2694; x_wconf 91' lang='lat' dir='ltr'>consul</span> <span class='ocrx_word' id='word_1_236' title='bbox 1318 2636 1672 2711; x_wconf 89' lang='lat' dir='ltr'>designatus</span> <span class='ocrx_word' id='word_1_237' title='bbox 1714 2637 1958 2693; x_wconf 89' lang='lat' dir='ltr'>domum</span> <span class='ocrx_word' id='word_1_238' title='bbox 1989 2640 2064 2696; x_wconf 85' lang='lat'>30</span> 
     </span>
     <span class='ocr_line' id='line_1_32' title="bbox 211 2715 1960 2791; baseline -0.001 -18"><span class='ocrx_word' id='word_1_239' title='bbox 211 2715 614 2774; x_wconf 85' lang='lat' dir='ltr'>reducebatur</span> <span class='ocrx_word' id='word_1_240' title='bbox 660 2733 691 2771; x_wconf 91' lang='lat' dir='ltr'>e</span> <span class='ocrx_word' id='word_1_241' title='bbox 742 2733 956 2790; x_wconf 89' lang='lat' dir='ltr'>campo</span> <span class='ocrx_word' id='word_1_242' title='bbox 1006 2734 1142 2773; x_wconf 91' lang='lat' dir='ltr'>cum</span> <span class='ocrx_word' id='word_1_243' title='bbox 1193 2716 1459 2773; x_wconf 83' lang='lat' dir='ltr'>maxima</span> <span class='ocrx_word' id='word_1_244' title='bbox 1505 2716 1843 2791; x_wconf 87' lang='lat' dir='ltr'>frequentia</span> <span class='ocrx_word' id='word_1_245' title='bbox 1892 2732 1960 2771; x_wconf 88' lang='lat' dir='ltr'>ac</span> 
     </span>
     <span class='ocr_line' id='line_1_33' title="bbox 214 2793 1958 2862; baseline -0.002 -10"><span class='ocrx_word' id='word_1_246' title='bbox 214 2795 622 2862; x_wconf 90' lang='lat' dir='ltr'>multitudine,</span> <span class='ocrx_word' id='word_1_247' title='bbox 648 2793 715 2850; x_wconf 83' lang='lat' dir='ltr'>fit</span> <span class='ocrx_word' id='word_1_248' title='bbox 744 2795 985 2851; x_wconf 88' lang='lat' dir='ltr'>obviam</span> <span class='ocrx_word' id='word_1_249' title='bbox 1008 2813 1154 2852; x_wconf 88' lang='lat' dir='ltr'>casu</span> <span class='ocrx_word' id='word_1_250' title='bbox 1183 2795 1237 2853; x_wconf 89' lang='lat' dir='ltr'>ei</span> <span class='ocrx_word' id='word_1_251' title='bbox 1267 2795 1641 2853; x_wconf 88' lang='lat' dir='ltr'>multitudini</span> <span class='ocrx_word' id='word_1_252' title='bbox 1667 2794 1731 2853; x_wconf 85' lang='lat' dir='ltr'>O.</span> <span class='ocrx_word' id='word_1_253' title='bbox 1758 2794 1958 2862; x_wconf 83' lang='lat' dir='ltr'>Curi0,</span> 
     </span>
     <span class='ocr_line' id='line_1_34' title="bbox 215 2872 1964 2951; baseline -0.001 -20"><span class='ocrx_word' id='word_1_254' title='bbox 215 2893 391 2949; x_wconf 91' lang='lat' dir='ltr'>quem</span> <span class='ocrx_word' id='word_1_255' title='bbox 421 2891 538 2948; x_wconf 87' lang='lat' dir='ltr'>ego</span> <span class='ocrx_word' id='word_1_256' title='bbox 569 2872 868 2931; x_wconf 88' lang='lat' dir='ltr'>hominem</span> <span class='ocrx_word' id='word_1_257' title='bbox 900 2874 1142 2933; x_wconf 90' lang='lat' dir='ltr'>honoris</span> <span class='ocrx_word' id='word_1_258' title='bbox 1176 2875 1411 2951; x_wconf 90' lang='lat' dir='ltr'>[potius</span> <span class='ocrx_word' id='word_1_259' title='bbox 1442 2893 1619 2949; x_wconf 90' lang='lat' dir='ltr'>quam</span> <span class='ocrx_word' id='word_1_260' title='bbox 1662 2880 1964 2931; x_wconf 90' lang='lat' dir='ltr'>contume-</span> 
     </span>
     <span class='ocr_line' id='line_1_35' title="bbox 216 2953 1959 3029; baseline -0.002 -19"><span class='ocrx_word' id='word_1_261' title='bbox 216 2953 365 3029; x_wconf 87' lang='lat' dir='ltr'>liae]</span> <span class='ocrx_word' id='word_1_262' title='bbox 401 2970 586 3011; x_wconf 87' lang='lat' dir='ltr'>causa</span> <span class='ocrx_word' id='word_1_263' title='bbox 615 2953 986 3010; x_wconf 87' lang='lat' dir='ltr'>nominatum</span> <span class='ocrx_word' id='word_1_264' title='bbox 1016 2955 1184 3011; x_wconf 90' lang='lat' dir='ltr'>volo:</span> <span class='ocrx_word' id='word_1_265' title='bbox 1216 2954 1436 3011; x_wconf 87' lang='lat' dir='ltr'>etenim</span> <span class='ocrx_word' id='word_1_266' title='bbox 1468 2972 1539 3011; x_wconf 89' lang='lat' dir='ltr'>ea</span> <span class='ocrx_word' id='word_1_267' title='bbox 1570 2955 1779 3022; x_wconf 89' lang='lat' dir='ltr'>dicam,</span> <span class='ocrx_word' id='word_1_268' title='bbox 1808 2969 1959 3027; x_wconf 90' lang='lat' dir='ltr'>quae</span> 
     </span>
     <span class='ocr_line' id='line_1_36' title="bbox 218 3029 2067 3101; baseline -0.003 -12"><span class='ocrx_word' id='word_1_269' title='bbox 218 3033 314 3090; x_wconf 89' lang='lat' dir='ltr'>ille</span> <span class='ocrx_word' id='word_1_270' title='bbox 368 3034 423 3089; x_wconf 91' lang='lat' dir='ltr'>si</span> <span class='ocrx_word' id='word_1_271' title='bbox 474 3033 928 3089; x_wconf 84' lang='lat' dir='ltr'>commemorari</span> <span class='ocrx_word' id='word_1_272' title='bbox 986 3034 1297 3101; x_wconf 91' lang='lat' dir='ltr'>noluisset,</span> <span class='ocrx_word' id='word_1_273' title='bbox 1347 3051 1467 3089; x_wconf 94' lang='lat' dir='ltr'>non</span> <span class='ocrx_word' id='word_1_274' title='bbox 1522 3038 1693 3090; x_wconf 88' lang='lat' dir='ltr'>tanto</span> <span class='ocrx_word' id='word_1_275' title='bbox 1722 3033 1785 3087; x_wconf 95' lang='lat' dir='ltr'>in</span> <span class='ocrx_word' id='word_1_276' title='bbox 1830 3047 1964 3087; x_wconf 88' lang='lat' dir='ltr'>con·</span> <span class='ocrx_word' id='word_1_277' title='bbox 1992 3029 2067 3085; x_wconf 84' lang='lat'>35</span> 
     </span>
     <span class='ocr_line' id='line_1_37' title="bbox 219 3112 1964 3187; baseline -0.003 -18"><span class='ocrx_word' id='word_1_278' title='bbox 219 3119 405 3169; x_wconf 88' lang='lat' dir='ltr'>ventu</span> <span class='ocrx_word' id='word_1_279' title='bbox 451 3117 582 3167; x_wconf 90' lang='lat' dir='ltr'>tam</span> <span class='ocrx_word' id='word_1_280' title='bbox 629 3117 836 3185; x_wconf 87' lang='lat' dir='ltr'>aperte.</span> <span class='ocrx_word' id='word_1_281' title='bbox 874 3112 1197 3187; x_wconf 86' lang='lat' dir='ltr'>palamque</span> <span class='ocrx_word' id='word_1_282' title='bbox 1245 3112 1516 3181; x_wconf 87' lang='lat' dir='ltr'>dixisset,</span> <span class='ocrx_word' id='word_1_283' title='bbox 1562 3129 1715 3185; x_wconf 90' lang='lat' dir='ltr'>quae</span> <span class='ocrx_word' id='word_1_284' title='bbox 1762 3115 1964 3166; x_wconf 85' lang='lat' dir='ltr'>tamen</span> 
     </span>
     <span class='ocr_line' id='line_1_38' title="bbox 222 3187 1964 3266; baseline -0.005 -17"><span class='ocrx_word' id='word_1_285' title='bbox 222 3211 256 3248; x_wconf 91' lang='lat' dir='ltr'>a</span> <span class='ocrx_word' id='word_1_286' title='bbox 282 3210 378 3249; x_wconf 91' lang='lat' dir='ltr'>me</span> <span class='ocrx_word' id='word_1_287' title='bbox 401 3190 835 3265; x_wconf 86' lang='lat' dir='ltr'>pedetemptim</span> <span class='ocrx_word' id='word_1_288' title='bbox 860 3199 1153 3266; x_wconf 88' lang='lat' dir='ltr'>cauteque</span> <span class='ocrx_word' id='word_1_289' title='bbox 1176 3192 1465 3260; x_wconf 91' lang='lat' dir='ltr'>dicentur,</span> <span class='ocrx_word' id='word_1_290' title='bbox 1490 3197 1560 3247; x_wconf 93' lang='lat' dir='ltr'>ut</span> <span class='ocrx_word' id='word_1_291' title='bbox 1582 3196 1642 3245; x_wconf 91' lang='lat' dir='ltr'>et</span> <span class='ocrx_word' id='word_1_292' title='bbox 1665 3187 1964 3245; x_wconf 87' lang='lat' dir='ltr'>amicitiae</span> 
     </span>
     <span class='ocr_line' id='line_1_39' title="bbox 223 3264 1970 3343; baseline -0.005 -16"><span class='ocrx_word' id='word_1_293' title='bbox 223 3279 464 3329; x_wconf 86' lang='lat' dir='ltr'>nostrae</span> <span class='ocrx_word' id='word_1_294' title='bbox 509 3274 572 3325; x_wconf 88' lang='lat' dir='ltr'>et</span> <span class='ocrx_word' id='word_1_295' title='bbox 613 3268 928 3343; x_wconf 86' lang='lat' dir='ltr'>dignitatis</span> <span class='ocrx_word' id='word_1_296' title='bbox 970 3271 1132 3328; x_wconf 85' lang='lat' dir='ltr'>illius</span> <span class='ocrx_word' id='word_1_297' title='bbox 1176 3270 1383 3327; x_wconf 84' lang='lat' dir='ltr'>habita</span> <span class='ocrx_word' id='word_1_298' title='bbox 1411 3269 1563 3326; x_wconf 91' lang='lat' dir='ltr'>ratio</span> <span class='ocrx_word' id='word_1_299' title='bbox 1593 3286 1724 3323; x_wconf 89' lang='lat' dir='ltr'>esse</span> <span class='ocrx_word' id='word_1_300' title='bbox 1755 3264 1970 3320; x_wconf 90' lang='lat' dir='ltr'>intelli·</span> 
     </span>
     <span class='ocr_line' id='line_1_40' title="bbox 223 3341 1969 3428; baseline -0.009 -19"><span class='ocrx_word' id='word_1_301' title='bbox 223 3357 415 3428; x_wconf 86' lang='lat' dir='ltr'>gatur.</span> <span class='ocrx_word' id='word_1_302' title='bbox 507 3346 695 3405; x_wconf 91' lang='lat' dir='ltr'>Videt</span> <span class='ocrx_word' id='word_1_303' title='bbox 716 3349 791 3405; x_wconf 90' lang='lat' dir='ltr'>ad</span> <span class='ocrx_word' id='word_1_304' title='bbox 818 3349 1010 3424; x_wconf 87' lang='lat' dir='ltr'>ipsum</span> <span class='ocrx_word' id='word_1_305' title='bbox 1038 3350 1324 3406; x_wconf 84' lang='lat' dir='ltr'>fornicem</span> <span class='ocrx_word' id='word_1_306' title='bbox 1350 3346 1685 3403; x_wconf 86' lang='lat' dir='ltr'>Fabianum</span> <span class='ocrx_word' id='word_1_307' title='bbox 1707 3342 1770 3397; x_wconf 86' lang='lat' dir='ltr'>in</span> <span class='ocrx_word' id='word_1_308' title='bbox 1792 3341 1969 3395; x_wconf 87' lang='lat' dir='ltr'>turba</span> 
     </span>
    </p>
   </div>
  </div>
 </body>
</html>
