2284 3717
282 166 365 233 78
801 184 875 229 M.
922 183 1180 229 TULLII
1235 184 1634 230 cronnoms

384 339 489 396 sed
519 341 703 396 etiam
733 347 930 397 metus
959 341 1088 415 ipse
1120 340 1317 398 adfert
1341 341 1784 400 calamitatem:
1829 359 1974 399 nam
2005 360 2145 400 cum

385 420 652 477 hostium
693 422 897 495 copiae
928 439 1047 477 non
1093 421 1271 495 longe
1316 423 1554 491 absunt,
1587 423 1769 478 etiam
1803 422 1853 478 si
1886 424 2147 498 irruptio

379 501 546 556 nulla
603 501 764 557 facta
818 508 928 569 est,
993 510 1191 568 tamen
1247 502 1525 574 pecuaria
1578 502 1959 576 relinquitur,
2015 502 2144 576 agri

381 581 618 636 cultura
680 581 993 650 deseritur,
1054 590 1454 637 mercatorum
1523 582 1842 654 navigatio
1899 583 2148 657 conqui-

314 663 347 717 5
380 660 567 731 escit3
614 660 702 715 ita
742 678 933 734 neque
977 678 1052 716 ex
1094 668 1269 734 portu
1316 678 1508 735 neque
1542 679 1614 717 ex
1644 662 1917 717 decumis
1949 679 2145 736 neque

379 757 453 795 ex
476 740 774 813 scriptura
799 740 1057 813 vectigal
1086 742 1428 797 conservari
1457 747 1693 815 potest:
1739 758 1927 815 quare
1960 759 2144 814 saepe

377 820 568 875 totius
615 820 755 875 anni
798 820 1029 875 fructus
1076 837 1195 876 uno
1240 836 1475 876 rumore
1520 820 1767 895 periculi
1807 828 1990 895 atque
2023 838 2146 877 uno

380 899 521 954 belli
567 904 790 955 terrore
839 899 1155 955 amittitur.
1244 900 1377 971 Quo
1426 900 1670 956 tandem
1713 900 1905 973 igitur
1935 901 2145 956 animo

379 996 513 1034 esse
542 978 907 1035 existimatis
952 984 1057 1034 aut
1085 995 1206 1048 eOS,
1240 979 1343 1052 qui
1373 980 1698 1052 vectigalia
1736 979 1914 1035 nobis
1945 979 2146 1054 pensi-

276 1059 349 1116 10
378 1063 528 1127 tant,
562 1063 668 1114 aut
707 1075 829 1126 eOS,
863 1059 964 1132 qui
1009 1067 1289 1114 exercent
1325 1067 1504 1133 atque
1548 1059 1815 1132 exigunt,
1850 1076 1990 1115 cum
2023 1060 2144 1115 duo

380 1154 556 1211 reges
605 1156 742 1194 cum
799 1138 1081 1193 maximis
1124 1138 1315 1211 copiis
1358 1143 1602 1211 propter
1645 1137 1893 1195 adsint?
1986 1138 2143 1196 Cum

379 1235 499 1273 una
527 1218 800 1273 excursio
830 1218 1139 1291 equitatus
1169 1218 1448 1291 perbrevi
1469 1223 1741 1291 tempore
1766 1217 1961 1274 totius
1993 1219 2139 1274 anni

379 1297 643 1371 vectigal
704 1297 935 1353 auferre
979 1294 1220 1370 possit?
1308 1296 1462 1353 Cum
1517 1297 1820 1372 publicani
1877 1297 2143 1353 familias

379 1378 697 1445 maximas,
744 1392 898 1451 quas
941 1377 1003 1431 in
1053 1376 1311 1433 saltibus
1361 1375 1604 1446 habent,
1650 1371 1803 1450 quas
1846 1376 1909 1433 in
1956 1378 2140 1450 agriS,

275 1452 352 1513 15
384 1474 536 1530 quas
567 1457 628 1513 in
657 1456 950 1530 portubus
980 1461 1159 1530 atque
1190 1455 1502 1525 eustodiiS,
1529 1473 1751 1529 magno
1780 1456 2048 1531 periculo
2079 1474 2142 1512 se

382 1535 601 1592 habere
634 1533 1047 1592 arbitrentur?
1135 1536 1455 1591 Putatisne
1485 1553 1597 1591 vos
1638 1535 1757 1591 illis
1800 1536 1983 1591 rebus
2024 1535 2143 1591 frui

377 1633 573 1689 posse,
606 1615 722 1671 nisi
763 1633 885 1684 805,
919 1614 1022 1688 qui
1053 1615 1229 1671 vobis
1260 1616 1479 1671 fructui
1518 1623 1677 1684 sunt,
1710 1615 2143 1672 conservaritis

380 1712 499 1750 non
531 1694 742 1763 solum,
775 1701 845 1751 ut
876 1703 1014 1750 ante
1051 1695 1194 1764 dixi,
1226 1695 1587 1765 calamitate,
1615 1695 1728 1751 sed
1771 1695 1960 1751 etiam
1989 1695 2145 1751 cala-

379 1774 608 1830 mitatis
639 1775 957 1831 formidine
987 1772 1320 1831 liberatos?

274 1854 349 1911 20
464 1855 511 1913 7.
560 1854 653 1911 Ac
703 1872 776 1910 ne
829 1854 976 1910 illud
1027 1854 1272 1926 quidem
1316 1852 1489 1909 vobis
1545 1853 1980 1927 negligendum
2027 1859 2139 1923 est,

379 1934 541 2007 quod
584 1933 733 1990 mihi
762 1951 877 2007 ego
907 1938 1242 1989 extremum
1280 1950 1726 2007 proposueram,
1759 1950 1895 1989 cum
1939 1949 2140 1989 essem

377 2012 449 2068 de
496 2013 637 2070 belli
683 2030 900 2086 genere
952 2013 1238 2081 dicturus,
1277 2012 1436 2085 quod
1483 2012 1559 2068 ad
1604 2012 1935 2068 multorum
1980 2012 2143 2068 bona

379 2093 603 2149 civium
670 2093 1086 2148 Romanorum
1149 2092 1426 2165 pertinet,
1486 2108 1740 2164 quorum
1798 2091 1975 2147 vobis
2031 2108 2141 2168 pro

381 2179 585 2227 vestra
641 2172 959 2245 sapientia,
1008 2171 1293 2242 QuIriteS,
1341 2171 1621 2227 habenda
1670 2175 1765 2227 est
1809 2171 1967 2228 ratio
2011 2171 2143 2227 dili-

275 2252 348 2308 25
382 2259 621 2324 genter:
692 2269 831 2306 nam
888 2258 950 2307 et
1007 2250 1329 2324 publicani,
1390 2249 1664 2306 homines
1720 2250 2139 2321 honestissimi

381 2336 558 2405 atque
606 2330 990 2398 ornatissimi,
1025 2347 1169 2386 suas
1214 2330 1483 2385 rationes
1527 2335 1589 2385 et
1618 2329 1821 2404 copias
1866 2329 1933 2386 in
1971 2329 2141 2386 illam

379 2410 752 2485 provinciam
795 2410 1195 2478 contulerunt,
1228 2426 1482 2484 quorum
1514 2409 1778 2483 ipsorum
1808 2426 1916 2482 per
1947 2425 2013 2465 se
2042 2427 2139 2466 res

378 2494 440 2545 et
495 2491 770 2547 fortunae
822 2490 997 2545 vobis
1054 2507 1231 2545 curae
1287 2506 1420 2545 esse
1476 2488 2032 2545 debent—etenim
2087 2489 2142 2545 si

380 2569 702 2643 vectigalia
733 2585 950 2625 nervos
977 2585 1110 2624 esse
1138 2568 1225 2624 rei
1262 2568 1534 2641 publicae
1565 2584 1801 2642 semper
1831 2567 2138 2637 duximuS,

275 2651 348 2705 30
378 2667 513 2706 eum
564 2654 724 2707 certe
771 2648 1058 2717 ordinem,
1103 2648 1206 2722 qui
1248 2654 1484 2704 exercet
1524 2648 1645 2715 illa,
1692 2647 2140 2704 firmamentum

380 2736 711 2785 ceterorum
762 2728 1039 2784 ordinum
1084 2733 1243 2783 recte
1293 2745 1425 2783 esse
1469 2727 1859 2798 dicemus—3
1918 2726 2141 2783 deinde

379 2826 452 2864 ex
483 2808 696 2864 ceteris
727 2807 1035 2863 ordinibus
1080 2806 1355 2863 homines
1399 2806 1582 2879 gnavi
1627 2812 1808 2879 atque
1851 2806 2141 2863 industrii

380 2889 597 2959 ¹partim
630 2886 743 2961 ipsi
776 2887 836 2941 in
868 2886 1023 2943 Asia
1051 2885 1455 2959 negotiantur,
1488 2885 1706 2960 quibus
1735 2902 1846 2941 vos
1878 2886 2142 2942 absenti-

382 2967 496 3022 bus
527 2967 836 3022 consulere
869 2966 1114 3033 debetis
1149 2966 1361 3038 partim
1394 2983 1600 3021 eorum
1628 2964 1691 3020 in
1720 2982 1792 3021 ea
1819 2965 2141 3037 provincia

277 3047 348 3103 35
381 3046 666 3119 pecunias
695 3062 951 3117 magnas
982 3045 1307 3101 collocatas
1337 3044 1577 3101 habent.
1666 3044 1781 3100 Est
1809 3044 2007 3116 igitur
2038 3046 2141 3101 hu-

384 3124 695 3180 manitatis
726 3130 962 3179 vestrae
1002 3141 1292 3197 magnum
1324 3141 1633 3180 numerum
1675 3140 1883 3179 eorum
1913 3124 2139 3181 civium

385 3204 733 3259 calamitate
787 3202 1120 3275 prohibere,
1167 3203 1499 3276 sapientiae
1548 3203 1748 3258 videre
1805 3202 2140 3260 multorum

390 3282 611 3337 civium
644 3280 1046 3337 calamitatem
1082 3299 1117 3337 a
1137 3299 1198 3337 re
1230 3283 1467 3354 publica
1497 3285 1828 3356 sejunctam
1850 3300 1988 3339 esse
2019 3301 2142 3341 non

388 3375 606 3431 posse3
650 3359 871 3415 etenim
902 3359 1161 3432 primum
1188 3361 1339 3419 illud
1379 3363 1552 3437 parvi
1578 3362 1776 3433 refert,
1808 3380 1920 3419 nos
1950 3363 2150 3439 publi-
