2284 3717
672 155 756 203 m
805 155 864 203 ο.
911 156 1224 206 VERREM
1272 155 1493 203 Aemo
1544 156 1593 205 1.
1922 143 2050 207 203

197 314 521 388 praesidi0‚
553 318 624 370 ut
666 313 893 370 nullam
936 312 1052 370 sibi
1092 331 1219 371 rem
1263 313 1610 388 adjumento
1640 312 1764 371 fore
1794 315 1947 370 arbi-

198 399 475 451 traretur.

275 477 329 529 4.
362 472 619 530 Etenim
649 473 809 547 quod
838 477 933 529 est
961 471 1271 546 ingenium
1301 476 1557 541 tantum,
1590 490 1743 548 quae
1774 478 1946 530 tanta

198 553 455 608 facultas
502 552 740 608 dicendi
793 557 901 608 aut
949 553 1139 625 copia,
1188 570 1339 627 quae
1386 552 1563 608 istius
1614 553 1801 608 vitam
1852 559 1945 609 tot

199 632 367 687 vitiis
413 631 781 705 flagitiisque
828 632 1185 699 convictam,
1218 634 1346 704 Jam
1395 632 1626 706 pridem
1676 633 1943 688 omnium
2012 640 2048 695 5

200 711 516 767 voluntate
574 711 919 786 judicioque
983 711 1331 767 damnatam
1390 711 1594 785 aliqua
1648 729 1724 768 ex
1776 720 1944 785 parte

198 791 393 863 possit
424 788 790 846 defendere?
879 789 1068 863 Cujus
1099 796 1169 846 ut
1198 790 1639 847 adolescentiae
1677 792 1945 847 maculas

201 869 689 942 ignominiasque
733 874 1122 943 praeteream,
1156 878 1487 944 quaestura
1518 869 1781 946 [primus
1811 888 1947 944 gra-

199 949 311 1004 dus
357 947 636 1024 honoris]
682 949 825 1023 quid
869 949 1032 1006 aliud
1074 948 1258 1006 habet
1287 949 1350 1006 in
1381 966 1446 1006 se
1478 950 1589 1019 nisi
1624 949 1769 1027 [Cn.
1805 949 1946 1007 Car-

198 1028 419 1084 bonem
461 1027 820 1104 spoliatum]
854 1046 889 1084 a
917 1034 1235 1102 quaestore
1279 1046 1388 1086 suo
1418 1029 1676 1103 pecunia
1704 1029 1947 1104 publica
1976 1037 2050 1093 10

200 1107 499 1163 nudatum
519 1112 582 1164 et
600 1108 905 1182 proditum
920 1108 1245 1179 consulem,
1268 1109 1570 1165 desertum
1594 1108 1940 1183 exercitum,

198 1187 471 1243 relictam
513 1186 902 1262 provinciam,
936 1187 1118 1244 sortis
1162 1187 1668 1244 necessitudinem
1710 1187 1947 1262 religio-

197 1283 455 1340 nemque
512 1264 847 1323 violatam?
962 1267 1150 1339 Cujus
1217 1267 1442 1341 legatio
1510 1267 1760 1324 exitium
1829 1267 1947 1324 suit

198 1345 392 1402 Asiae
421 1345 615 1401 totius
659 1351 721 1402 et
768 1345 1211 1421 Pamphyliae3
1255 1347 1475 1421 quibus
1515 1347 1577 1402 in
1618 1347 1945 1422 provinciis

196 1425 425 1480 multas
455 1425 684 1494 domos
717 1425 1007 1498 plurimas
1050 1426 1245 1495 urbeS,
1279 1426 1481 1482 omnia
1511 1426 1652 1482 fana
1682 1427 1942 1500 depopu-
1978 1432 2048 1488 15

196 1504 360 1560 latus
380 1509 475 1560 est
496 1509 648 1574 tum,
670 1521 806 1561 cum
837 1503 934 1580 [in
968 1504 1074 1562 Cn.
1100 1503 1514 1580 Dolabellam]
1547 1523 1720 1561 suum
1749 1506 1946 1562 scelus

195 1583 347 1641 illud
366 1584 691 1659 pristinum
715 1584 1034 1641 renovavit
1051 1590 1113 1641 et
1130 1584 1497 1641 instauravit
1515 1585 1943 1658 quaestorium,

196 1681 336 1720 cum
366 1680 525 1733 eum,
558 1663 652 1718 cui
681 1670 744 1719 et
771 1663 1012 1737 legatus
1041 1670 1102 1720 et
1131 1680 1240 1737 pro
1271 1671 1589 1739 quaestore
1624 1665 1853 1733 fuisset,
1885 1670 1947 1720 et

197 1742 257 1799 in
290 1742 588 1799 invidiam
633 1743 760 1799 suis
803 1743 1108 1800 maleficiis
1152 1744 1407 1800 adduxit
1436 1749 1498 1799 et
1526 1744 1589 1800 in
1619 1743 1771 1817 ipsis
1800 1744 1947 1817 peri-

196 1822 350 1878 culis
382 1839 505 1878 non
534 1822 732 1878 solum
761 1821 1043 1892 deseruit,
1077 1823 1185 1879 sed
1227 1824 1412 1879 etiam
1456 1824 1833 1898 oppugnavit
1859 1841 1944 1880 ·ac
1976 1828 2051 1883 20

195 1901 505 1976 prodidit3
551 1902 719 1974 cujus
760 1908 1041 1974 praetura
1082 1902 1315 1959 urbana
1358 1902 1596 1958 aedium
1639 1920 1945 1959 sacrarum

199 1982 315 2038 fuit
365 1980 864 2054 publicorumque
915 1999 1161 2055 operum
1204 1981 1612 2056 depopulatiO,
1654 1981 1832 2038 simul
1883 1982 1944 2038 in

201 2063 337 2134 jure
370 2059 627 2116 dicendo
658 2060 950 2116 bonorum
979 2062 1548 2136 possessionumque
1591 2070 1799 2118 contra
1827 2078 1948 2117 om-

200 2141 368 2196 nium
412 2139 697 2195 instituta
740 2140 1000 2196 addictio
1046 2145 1107 2196 et
1155 2140 1532 2196 condonatio.
1615 2139 1657 2197 J
1664 2157 1758 2196 am
1803 2157 1945 2196 vero

198 2219 475 2275 omnium
507 2218 792 2275 vitiorum
837 2236 1082 2275 suorum
1119 2219 1378 2293 plurima
1419 2226 1482 2276 et
1524 2220 1788 2275 maxima
1815 2237 1949 2276 con·
1978 2223 2050 2278 25

199 2298 403 2355 stituit
445 2304 840 2354 monumenta
883 2305 945 2354 et
990 2298 1211 2354 indicia
1258 2299 1320 2354 in
1371 2298 1679 2372 provincia
1724 2298 1944 2366 Sicilia,

198 2395 384 2452 quam
414 2377 666 2451 iste-per
693 2377 1018 2433 triennium
1047 2378 1135 2433 ita
1166 2379 1411 2434 vexavit
1454 2395 1523 2434 ac
1564 2378 1845 2452 perdidit,
1878 2384 1954 2434 ut

198 2475 272 2513 ea
304 2456 551 2513 restitui
581 2457 643 2512 in
674 2456 990 2531 antiquum
1030 2462 1259 2514 statum
1303 2457 1469 2512 nullo
1513 2457 1692 2514 modo
1734 2458 1945 2533 possit,

200 2537 304 2593 vix
334 2541 541 2592 autem
570 2552 676 2610 per
697 2535 920 2592 multos
941 2553 1129 2593 annos
1153 2536 1618 2610 innocentesque
1641 2543 1947 2612 praetores

203 2616 403 2690 aliqua
445 2631 522 2671 ex
564 2621 741 2687 parte
773 2616 1028 2672 recreari
1073 2615 1399 2689 aliquando
1443 2632 1619 2689 posse
1651 2616 1941 2674 videatur
1975 2619 2051 2675 30

204 2695 341 2751 Hoc
369 2699 643 2770 praetore
676 2693 861 2751 Siculi
893 2712 1085 2769 neque
1128 2711 1271 2751 suas
1312 2695 1478 2769 leges
1517 2713 1710 2769 neque
1741 2702 1948 2752 nostra

205 2781 456 2831 senatus
498 2773 775 2830 consulta
817 2791 1006 2848 neque
1050 2774 1393 2830 communia
1424 2775 1563 2847 jura
1589 2780 1946 2831 tenuerunt:

207 2858 448 2910 tantum
481 2853 738 2926 quisque
781 2851 963 2910 habet
994 2853 1055 2908 in
1088 2852 1311 2920 Sicilia,
1345 2859 1638 2927 quantum
1685 2853 1947 2910 hominis

209 2932 553 2988 avarissimi
583 2938 646 2988 et
675 2931 1155 2988 libidinosissimi
1186 2936 1292 2987 aut
1320 2932 1786 3006 imprudentiam
1817 2935 1950 2989 sub-

207 3012 458 3085 terfugit
511 3017 618 3067 aut
663 3012 932 3068 satietati
984 3011 1293 3085 superfuit.
1378 3013 1428 3068 5.
1466 3011 1652 3068 Nulla
1701 3029 1797 3067 res
1846 3029 1950 3085 per
1978 3010 2051 3067 35

208 3091 530 3147 triennium
576 3091 695 3146 nisi
738 3091 814 3146 ad
858 3095 1072 3146 nutum
1118 3090 1299 3145 istius
1334 3090 1607 3162 judicata
1636 3096 1746 3159 est,
1781 3090 1947 3145 nulla

210 3187 300 3226 res
330 3172 684 3244 cujusquam
712 3174 838 3225 tam
871 3170 1068 3243 patria
1098 3174 1278 3243 atque
1311 3170 1477 3224 avita
1504 3169 1618 3224 fuit
1646 3186 1797 3242 quae
1829 3186 1949 3224 nou

213 3249 282 3305 ab
310 3268 380 3306 eo
410 3249 664 3323 imperio
702 3249 881 3304 istius
926 3248 1380 3323 abjudicaretur.
1467 3246 1946 3305 Innumerabiles

213 3329 494 3401 pecuniae
549 3345 626 3385 ex
682 3333 990 3384 aratorum
1037 3326 1213 3383 bonis
1268 3341 1427 3381 novo
1470 3325 1815 3395 nefarioque
1863 3323 1949 3377 in-
