2284 3717
320 190 448 255 194
835 205 912 253 Μ.
943 205 1204 252 ¹runnII
1256 204 1654 252 CICERONIS

506 361 595 419 Ut
623 362 811 438 igitur
841 363 976 434 alia,
1010 362 1098 420 sic
1136 362 1267 433 hoc,
1302 362 1369 421 O.
1405 362 1626 432 Pansa,
1658 363 1993 437 praeclare,
2026 364 2177 439 quod

422 447 484 499 et
512 460 622 499 nos
653 444 728 499 ad
759 442 1175 500 honorandum
1212 441 1337 500 Ser.
1360 441 1693 516 Sulpicium
1723 442 2085 501 cohortatus
2117 462 2177 500 es

421 528 484 578 et
513 522 642 596 ipse
673 523 865 578 multa
894 523 1131 597 copiose
1163 522 1235 579 de
1265 522 1428 578 illius
1456 522 1634 578 laude
1665 522 1876 578 dixisti
1902 544 1915 581 :
1962 525 2179 597 quibus

424 620 459 657 a
487 610 546 658 te
578 602 759 659 dictis
789 602 937 659 nihil
969 608 1207 676 praeter
1237 602 1601 658 sententiam
1647 602 1932 670 dicerem,-
1965 604 2083 659 nisi
2117 604 2176 660 P.

357 688 391 743 5
426 679 700 751 Servilio,
755 682 1089 738 clarissimo
1139 681 1290 751 vir0,
1342 681 1824 755 respondendum
1884 690 2177 756 putarem,

424 760 527 835 qui
558 760 716 818 hunc
747 760 1034 818 honorem
1066 766 1307 817 statuae
1353 761 1576 817 nemini
1617 761 2009 817 tribuendum
2057 781 2180 818 cen-

426 839 550 897 suit
577 841 696 897 nisi
725 841 799 911 ei,
832 841 934 915 qui
966 841 1120 897 ferro
1150 847 1313 897 esset
1341 840 1404 896 in
1442 840 1746 914 legatione
1790 841 2179 897 interfectus:

422 937 536 994 ego
562 929 780 988 autem,
806 927 1010 995 patres
1040 920 1380 995 conscripti,
1408 920 1492 976 sic
1521 919 1887 994 interpretor
1917 922 2181 978 sensisse

422 1000 681 1072 majores
721 1007 977 1070 nostrOS,
1010 1005 1079 1056 ut
1115 1017 1359 1056 causam
1405 1000 1619 1056 mortis
1662 1000 2023 1070 censuerint,
2058 1018 2175 1058 non

321 1085 393 1141 10
424 1096 618 1153 genus
647 1097 781 1135 esse
823 1079 1251 1153 quaerendum.
1340 1079 1584 1136 Etenim
1630 1078 1729 1135 cui
1771 1080 2005 1154 legatio
2050 1080 2180 1155 ipsa

423 1176 607 1214 causa
636 1158 847 1216 mortis
878 1159 1109 1227 fuisset,
1141 1161 1272 1232 ejus
1300 1165 1762 1215 monumentum
1806 1167 2050 1216 exstare
2084 1178 2179 1216 vo·

423 1237 681 1307 luerunt,
732 1245 802 1295 ut
858 1238 921 1294 in
978 1238 1152 1296 bellis
1207 1238 1562 1313 periculosis
1614 1238 1851 1295 obirent
1901 1237 2178 1296 homines

422 1317 746 1392 legationis
796 1336 1018 1375 munus
1070 1318 1378 1376 audacius,
1480 1317 1623 1374 Non
1668 1318 1858 1392 igitur
1905 1319 2180 1394 exempla

424 1399 717 1470 majorum
751 1398 1110 1472 quaerenda,
1136 1398 1243 1454 sed
1267 1397 1583 1454 consilium
1613 1404 1708 1454 est
1736 1415 1964 1469 eorum,
1998 1417 2034 1455 a
2063 1416 2180 1474 quo

322 1483 393 1539 15
426 1476 560 1552 ipsa
588 1477 866 1552 exempla
894 1484 1040 1534 nata
1071 1482 1230 1545 sunt,
1261 1477 1696 1552 explicandum.

507 1559 557 1614 2.
605 1556 759 1614 Lars
805 1557 1179 1625 TolumniuS,
1212 1575 1318 1613 rex
1363 1556 1731 1627 Veientium,
1768 1562 2065 1631 quattuor
2107 1558 2182 1614 le·

426 1642 605 1710 gatos
657 1637 862 1710 populi
922 1637 1190 1694 Romani
1242 1636 1489 1693 Fidenis
1543 1636 1867 1708 interemit,
1919 1656 2178 1712 quorum

427 1722 665 1772 statuae
697 1723 995 1773 steterunt
1025 1734 1216 1790 usque
1248 1716 1325 1772 ad
1356 1734 1552 1772 meam
1582 1717 1935 1772 memoriam
1968 1718 2031 1773 in
2062 1735 2182 1775 ros-

426 1795 574 1852 tris:
609 1797 815 1868 Justus
846 1795 1072 1853 honos:
1115 1797 1203 1853 eis
1233 1796 1394 1851 enim
1438 1797 1697 1868 majores
1726 1796 1936 1865 nostri,
1971 1798 2075 1871 qui
2106 1797 2180 1854 ob

321 1880 395 1937 20
426 1892 552 1931 rem
583 1875 888 1948 publicam
930 1882 1184 1932 mortem
1230 1875 1520 1945 obierant,
1547 1892 1653 1950 pro
1682 1876 1850 1932 brevi
1882 1877 2014 1932 vita
2056 1878 2183 1933 diu-

425 1960 664 2011 turnam
706 1955 1053 2011 memoriam
1097 1955 1505 2012 reddiderunt.
1593 1953 1702 2012 On.
1740 1954 2002 2027 Octavii,
2035 1956 2183 2014 clari

428 2034 541 2090 viri
583 2040 645 2091 et
685 2035 912 2108 magni,
958 2035 1059 2108 qui
1101 2035 1335 2110 primus
1378 2035 1441 2090 in
1484 2051 1616 2090 eam
1664 2034 1980 2106 familiam,
2024 2054 2183 2110 quae

425 2119 639 2187 postea
683 2114 830 2171 viris
874 2114 1223 2171 fortissimis
1268 2113 1487 2184 floruit,
1524 2114 1733 2170 attulit
1775 2115 2181 2185 consulatum,

426 2199 694 2250 statuam
738 2194 1017 2251 videmus
1058 2193 1121 2249 in
1162 2193 1391 2251 rostris,
1499 2192 1697 2250 Nemo
1738 2198 1871 2250 tum
1917 2195 2183 2252 novitati

319 2275 394 2330 25
424 2272 778 2346 invidebat3
838 2291 1015 2329 nemo
1062 2274 1349 2329 virtutem
1399 2290 1519 2329 non
1567 2272 1942 2331 honorabat:
1995 2281 2062 2330 at
2114 2294 2184 2331 ea

426 2353 540 2408 fuit
582 2353 809 2426 legatio
862 2352 1120 2423 Octavii,
1167 2352 1230 2408 in
1279 2371 1399 2427 qua
1446 2352 1693 2427 periculi
1742 2353 2006 2428 suspicio
2060 2372 2183 2410 non

427 2432 732 2489 subesset:
777 2451 914 2488 nam
947 2450 1080 2489 cum
1123 2438 1289 2489 esset
1329 2432 1551 2488 missus
1596 2450 1631 2487 a
1672 2438 1890 2489 senatu
1936 2434 2012 2490 ad
2061 2434 2185 2490 ani·

425 2528 557 2567 mos
580 2529 792 2585 regum
819 2512 1271 2588 perspiciendos
1312 2511 1755 2585 liberorumque
1796 2513 2181 2587 populorum,

425 2590 819 2663 maximeque,
865 2597 933 2648 ut
975 2597 1259 2664 nepotem
1307 2592 1470 2664 regis
1515 2591 1825 2662 Antiochi,
1874 2593 2024 2665 ejuS,
2077 2593 2180 2667 qui

319 2673 395 2729 30
426 2688 563 2726 cum
600 2671 929 2743 majoribus
971 2671 1199 2735 nostris
1227 2671 1451 2727 bellum
1495 2676 1786 2744 gesserat,
1820 2671 2050 2728 classes
2082 2672 2185 2729 ha-

426 2749 582 2819 bere,
647 2750 1001 2824 elephantos
1068 2751 1225 2806 alere
1290 2749 1649 2823 prohiberet,
1708 2749 2055 2808 Laudiceae
2122 2753 2182 2810 in

426 2829 749 2902 gymnasio
782 2847 817 2885 a
845 2830 1107 2903 quodam
1140 2829 1398 2902 Leptine
1427 2835 1522 2885 est
1556 2829 1926 2887 interfectus,
2020 2829 2185 2889 Red-
2247 2899 2258 2909 ‚

427 2909 556 2964 dita
599 2914 695 2965 est
735 2909 789 2965 ei
833 2914 962 2964 tum
1008 2927 1044 2965 a
1085 2909 1417 2982 majoribus
1461 2914 1666 2965 statua
1705 2927 1814 2983 pro
1846 2909 1992 2979 vita,
2024 2929 2185 2984 quae

426 2987 653 3044 multos
683 3006 787 3062 per
819 3005 1010 3044 annos
1053 2989 1407 3062 progeniem
1449 2990 1577 3061 ejus
1621 2988 1988 3059 honestaret,
2020 3007 2186 3046 nunc

318 3070 392 3124 35
427 3068 501 3123 ad
525 3072 732 3123 tantae
762 3067 1026 3123 familiae
1056 3069 1406 3123 memoriam
1440 3068 1569 3123 sola
1592 3074 1800 3126 restat.
1888 3068 2089 3142 Atqui
2121 3077 2186 3128 et

425 3145 566 3198 huic
595 3151 657 3199 et
687 3145 864 3200 Tullo
910 3146 1131 3201 Cluvio
1161 3153 1224 3202 et
1267 3147 1333 3201 L.
1371 3147 1598 3203 Roscio
1639 3154 1702 3203 et
1728 3146 1846 3221 Sp.
1881 3148 2079 3204 Antio
2124 3156 2187 3205 et

428 3220 492 3276 O.
538 3220 831 3288 Fulcinio,
863 3224 967 3294 qui
1011 3242 1047 3278 a
1076 3223 1428 3280 Veientium
1471 3243 1612 3299 rege
1657 3227 1819 3284 caesi
1865 3233 2023 3295 sunt,
2058 3246 2188 3285 non

427 3298 696 3368 sanguis,
730 3299 834 3370 qui
877 3306 973 3355 est
1004 3302 1298 3372 ,profusus
1340 3304 1401 3366 in
1445 3311 1654 3377 morte,
1687 3306 1796 3363 sed
1838 3306 1975 3382 ipsa
2014 3324 2190 3366 mors

425 3372 501 3426 ob
530 3390 654 3428 rem
682 3375 984 3446 publicam
1014 3378 1178 3457 obita
1208 3379 1421 3437 honori
1451 3383 1582 3440 fuit.
