2284 3717
247 185 330 233 m
365 187 440 234 u.
472 186 885 235 ANTONIUM
921 187 1202 234 muno
1237 187 1685 235 PHILIPPICA
1720 188 1768 234 1.
1863 172 1987 236 181
2021 182 2030 187 “

115 346 185 400 ut
229 343 555 416 perniciosi
602 344 771 402 cives
820 344 1010 401 velint
1046 342 1231 403 esse?
1316 344 1514 418 Quam
1561 350 1763 402 autem
1807 345 1886 403 ad

113 429 358 496 pestem
387 424 551 482 furor
570 425 935 482 tribunicius
963 425 1192 500 impelli
1221 443 1339 482 non
1368 425 1591 500 poterit
1622 425 1718 481 his
1743 425 1885 482 dua·

113 502 233 558 bus
257 504 727 576 quaestionibus
748 505 824 561 de
846 505 904 561 vi
929 511 993 561 et
1015 507 1332 579 majestate
1355 503 1656 561 sublatis?
1702 505 1882 577 Quid,

112 583 280 656 quod
311 584 645 659 obrogatur
673 585 913 659 legibus
938 584 1236 655 CaesariS,
1259 603 1413 659 quae
1433 586 1650 658 jubent
1676 585 1751 654 ei,
1777 585 1882 659 qui

113 661 189 717 de
224 661 304 731 vi,
336 663 602 738 itemque
632 665 707 733 ei,
741 665 845 738 qui
874 666 1211 738 majestatis
1239 665 1565 721 damnatus
1595 665 1691 734 sit,
1725 682 1883 738 aqua
1949 665 1987 722 5

111 746 176 797 et
219 741 351 815 igni
399 742 728 800 interdici?
814 745 1049 816 Quibus
1097 762 1234 801 cum
1284 745 1633 820 provocatio
1684 744 1880 814 datur,

113 837 318 878 nonne
363 828 499 879 acta
543 822 829 881 Caesaris
868 822 1336 881 rescinduntur?
1423 824 1596 896 Quae
1639 825 1878 898 quidem

109 917 250 972 ege,
296 909 503 976 patres
550 903 896 978 conscripti,
942 904 1047 977 qui
1087 904 1194 960 illa
1235 921 1566 978 numquam
1611 903 1880 977 probavi,

110 985 324 1037 tamen
354 983 442 1039 ita
471 984 891 1041 conservanda
930 984 1283 1041 concordiae
1326 1000 1512 1039 causa
1552 982 1882 1039 arbitratus

111 1075 271 1129 sum,
296 1067 367 1118 ut
394 1080 515 1119 non
545 1063 748 1131 mod0‚
779 1079 932 1138 quas
961 1064 1140 1119 vivus
1170 1063 1337 1137 leges
1361 1063 1591 1120 Caesar
1617 1062 1879 1131 tulisset,
1916 1062 1990 1118 10

110 1138 513 1199 infirmandas
544 1142 659 1199 hoc
692 1147 966 1216 tempore
1009 1160 1129 1198 non
1172 1150 1467 1216 putarem,
1499 1143 1606 1199 sed
1636 1160 1710 1198 ne
1739 1142 1878 1198 illas

113 1218 383 1291 quidem,
407 1239 560 1296 quas
587 1227 731 1297 post
758 1228 1012 1279 mortem
1038 1222 1321 1279 Caesaris
1351 1223 1621 1297 prolatas
1643 1238 1778 1279 esse
1805 1229 1868 1279 et

113 1296 271 1356 fixas
302 1301 565 1359 videtis:

205 1383 297 1437 10.
348 1380 442 1438 De
465 1380 682 1437 exsilio
711 1381 944 1439 reducti
972 1399 1009 1438 a
1039 1386 1313 1455 mortu03
1342 1381 1561 1438 civitas
1584 1380 1728 1437 data
1759 1398 1879 1439 non

117 1463 314 1519 solum
347 1461 627 1534 singulis,
660 1462 767 1518 sed
797 1461 1148 1518 nationibus
1176 1466 1238 1517 et
1264 1460 1597 1535 provinciis
1640 1461 1877 1517 univer·
1912 1466 1985 1523 15

117 1543 202 1599 sis
233 1558 271 1596 a
299 1547 582 1613 mortuo;
625 1541 1113 1598 immunitatibus
1148 1540 1401 1596 infinitis
1430 1540 1671 1597 sublata
1702 1541 1883 1597 vecti·

120 1622 282 1696 galia
313 1637 353 1676 a
380 1624 656 1678 mortuo:
700 1637 844 1695 ergo
875 1620 1024 1678 haec
1053 1638 1191 1689 une,
1224 1638 1431 1677 verum
1476 1620 1705 1694 optimo
1748 1637 1883 1677 auc·

118 1709 242 1758 tore
273 1700 463 1756 domo
491 1699 726 1774 prolata
754 1699 1166 1757 defendimus:
1209 1717 1314 1757 eas
1353 1700 1538 1773 legeS,
1568 1716 1723 1773 quas
1753 1699 1881 1774 ipse

121 1781 293 1838 nobis
351 1779 839 1852 inspectantibus
894 1780 1194 1849 recitavit,
1245 1778 1682 1853 pronuntiavit,
1717 1779 1877 1850 tulit,

124 1861 341 1934 quibus
370 1857 521 1914 latis
543 1858 918 1932 gloriabatur
939 1861 1144 1934 eisque
1166 1859 1408 1932 legibus
1430 1876 1556 1915 rem
1578 1858 1882 1932 publicam
1911 1863 1987 1919 20

124 1939 416 1996 contineri
445 1939 721 2012 putabat,
754 1939 828 1996 de
869 1939 1214 2013 provinciis
1246 1939 1321 1995 de
1352 1938 1612 2012 judiciis,
1643 1955 1765 2006 eaS‚
1799 1939 1884 1994 in-

125 2036 318 2094 quam,
354 2017 640 2075 Caesaris
670 2019 836 2092 leges
865 2035 992 2088 nos»,
1024 2019 1127 2093 qui
1160 2018 1538 2074 defendimus
1568 2024 1705 2074 acta
1736 2017 1881 2075 Cae-

126 2100 290 2169 saris,
322 2097 690 2154 evertendas
718 2104 1001 2173 putamus
1020 2097 1107 2202 ἲ]
1135 2097 1230 2154 Ac
1259 2098 1332 2154 de
1363 2097 1459 2153 his
1492 2103 1698 2153 tamen
1741 2096 1887 2171 legi-

125 2177 248 2248 bus,
270 2195 429 2253 quae
453 2177 872 2252 promulgatae
903 2183 1062 2247 sunt,
1085 2178 1302 2234 saltem
1327 2177 1492 2251 queri
1519 2194 1877 2251 possumus:

127 2256 195 2314 de
245 2258 354 2327 eiS,
405 2273 561 2331 quae
597 2257 726 2330 jam
770 2257 930 2315 latae
976 2257 1273 2324 dicuntur,
1326 2274 1399 2313 ne
1442 2256 1590 2312 illud
1639 2257 1881 2331 quidem
1910 2260 1984 2316 25

128 2335 329 2411 licuit-3
369 2336 513 2393 illae
542 2337 701 2393 enim
732 2338 862 2394 sine
891 2337 1016 2394 ulla
1045 2337 1531 2412 promulgatione
1560 2336 1720 2393 latae
1750 2343 1894 2393 sunt

130 2423 260 2474 ante
290 2433 477 2491 quam
508 2417 783 2490 scriptae.
872 2418 1109 2490 Quaero
1134 2423 1332 2473 autem
1362 2415 1505 2490 quid
1537 2416 1619 2472 sit
1642 2433 1745 2472 cur
1774 2422 1881 2472 aut

128 2513 238 2569 ego
267 2501 374 2552 aut
407 2495 731 2570 quisquam
761 2504 1051 2565 vestrum,
1081 2503 1288 2571 patres
1332 2495 1673 2568 conscripti,
1704 2495 1880 2552 bonis

130 2576 383 2632 tribunis
420 2574 617 2648 plebis
659 2575 827 2650 leges
869 2577 1064 2632 malas
1106 2583 1372 2633 metuat:
1415 2580 1660 2650 paratos
1703 2575 1881 2632 habe-

131 2671 262 2711 mus
289 2654 392 2729 qui
419 2655 833 2729 intercedant3
862 2662 1110 2730 paratos
1139 2655 1243 2729 qui
1270 2672 1396 2711 rem
1426 2654 1729 2728 publicam
1751 2655 1883 2712 reli·
1909 2657 1986 2713 30

133 2734 302 2806 gione
332 2733 694 2793 defendant:
725 2736 901 2792 vacui
930 2742 1096 2793 metu
1125 2752 1259 2791 esse
1282 2734 1583 2791 debemus,
1673 2740 1686 2764 ‘
1710 2736 1879 2807 Quas

133 2820 202 2868 tu
242 2814 422 2870 mihi'
462 2814 674 2888 inquit,
722 2816 1233 2885 ‘intercessioneS,
1279 2832 1433 2888 quas
1474 2813 1880 2888 religiones?'

136 2890 259 2949 Eas
304 2893 549 2962 scilicet,
596 2895 815 2969 quibus
856 2896 943 2952 rei
983 2895 1260 2971 publicae
1305 2894 1470 2950 salus
1521 2895 1875 2951 continetur.

139 2975 153 2999 ‘
172 2970 555 3046 Negligimus
574 2974 694 3031 ista
711 2980 774 3031 et
795 2975 974 3031 nimis
999 2974 1248 3049 antiqua
1270 2992 1337 3030 ac
1361 2973 1548 3029 stulta
1572 2973 1878 3030 ducimus:

137 3050 323 3109 forum
352 3054 698 3127 saepietur3
744 3072 951 3111 omnes
985 3055 1341 3112 claudentur
1386 3052 1620 3125 aditus3
1664 3052 1879 3109 armati
1910 3050 1984 3108 35

137 3129 201 3185 in
226 3133 535 3205 praesidiis
565 3134 774 3190 multis
794 3134 939 3191 locis
964 3134 1453 3191 collocabuntur.’
1525 3132 1682 3204 Quid
1706 3129 1878 3187 tum?

143 3208 309 3280 Quod
335 3212 420 3268 ita
448 3214 563 3270 erit
591 3219 849 3287 gestum,
881 3214 943 3270 id
973 3214 1069 3271 lex
1099 3211 1257 3271 erit?
1341 3211 1425 3267 Et
1453 3211 1517 3266 in
1548 3228 1651 3267 aes
1693 3210 1879 3266 incidi

150 3287 444 3360 jubebitis,
478 3294 672 3363 credo,
718 3294 824 3350 illa
866 3294 1175 3367 legitima:
1221 3305 1532 3349 consumas
1574 3303 1879 3345 POPULUM

141 3381 298 3426 suar.
349 3387 785 3432 ROGAVERUNT
808 3403 881 3412 —-
903 3372 1113 3429 hocine
1171 3389 1207 3428 a
1258 3366 1588 3441 majoribus
1657 3364 1881 3437 accepi-
