2284 3717
511 170 654 216 rao
706 169 770 215 τ.
818 167 1062 216 Amuo
1114 167 1410 215 mmm:
1459 167 1761 216 orm-10.
1891 151 2018 218 127

160 323 281 383 Res
307 326 580 401 loquitur
607 326 758 400 ipsa,
781 324 1033 399 judiceS,
1065 342 1221 399 quae
1257 341 1495 397 semper
1522 323 1687 381 valet
1729 323 1914 398 pluri·

163 420 334 461 mum.
409 405 478 462 Si
507 404 654 461 haec
677 422 798 461 non
827 409 1003 478 gesta
1025 404 1334 470 audiretis,
1362 405 1467 461 sed
1497 405 1659 477 picta
1685 404 1912 460 videre-

164 483 253 553 tis,
281 491 489 541 tamen
519 491 834 559 appareret
862 491 995 540 uter
1021 492 1184 540 esset
1216 483 1551 551 insidiator,
1583 489 1718 538 uter
1760 482 1912 539 nihil

162 564 452 636 cogitaret
481 564 642 632 mali,
674 581 812 620 cum
856 563 1009 619 alter
1036 563 1355 619 veheretur
1384 563 1444 618 in
1476 562 1662 620 rheda
1688 580 1913 637 paenu-

160 639 328 712 latus,
361 660 488 699 una
529 643 766 699 sederet
809 659 971 699 uxor.
1060 641 1224 713 Quid
1272 641 1483 698 horum
1513 659 1633 698 non
1664 641 1913 715 impedi·
1979 643 2016 700 5

161 720 501 778 tissimum?
559 722 842 779 Vestitus
873 738 951 777 an
970 719 1313 778 vehiculum
1342 738 1416 777 an
1447 719 1691 777 comes?
1750 720 1911 793 Quid

128 825 133 828 ·
159 801 348 857 minus
376 807 727 876 promptum
751 801 825 857 ad
855 817 1143 874 pugnam,
1170 818 1308 856 cum
1336 801 1598 873 paenula
1620 799 1907 869 irretitus,

160 879 338 937 rheda
364 881 713 954 impeditus,
739 896 922 936 uxore
949 897 1140 955 paene
1171 880 1531 936 constrictus
1552 877 1757 936 esset?
1809 878 1915 935 Vi·

160 958 287 1015 dete
316 977 481 1016 nunc
501 959 688 1029 illum,
713 959 973 1032 primum
994 959 1405 1032 egredientem
1434 977 1466 1014 e
1493 959 1653 1027 villa,
1680 957 1909 1014 subito:

158 1036 297 1094 cur?
367 1039 660 1113 Vesperi:
705 1038 850 1113 quid
880 1055 1123 1095 necesse
1153 1036 1291 1095 est?
1375 1037 1605 1095 Tarde:
1649 1037 1749 1112 qui
1779 1054 1913 1094 con·
1942 1039 2018 1095 10

160 1117 333 1187 venit,
362 1117 724 1191 praesertim
765 1117 828 1173 id
868 1115 1206 1191 temporis?
1292 1116 1573 1173 Devertit
1607 1117 1670 1173 in
1704 1116 1906 1172 villam

158 1194 462 1270 Pompeii:
508 1196 868 1270 Pompeium
918 1201 987 1252 ut
1031 1194 1303 1253 videret?
1370 1195 1614 1253 Sciebat
1655 1196 1717 1252 in
1748 1195 1904 1253 Alsi-

162 1276 285 1331 ensi
317 1292 451 1333 esse
476 1297 490 1333 z
521 1275 730 1332 villam
760 1280 831 1331 ut
857 1273 1266 1351 perspiceret?
1349 1274 1574 1331 Millies
1602 1275 1662 1331 in
1690 1292 1763 1331 ea
1791 1274 1909 1331 fue·

161 1360 264 1411 rat.
349 1355 514 1427 Quid
563 1372 707 1428 ergo
749 1352 925 1411 erat?
982 1371 1188 1411 morae
1237 1359 1302 1411 et
1342 1354 1910 1428 tergiversationes:

164 1431 297 1489 dum
324 1433 424 1492 hic
454 1434 703 1502 veniret,
736 1433 935 1490 locum
962 1433 1297 1508 relinquere
1329 1434 1539 1490 noluit.
1569 1431 1736 1522 ef*
1943 1432 2016 1489 15

236 1514 322 1570 21.
369 1514 512 1587 Age
541 1530 700 1569 nunc
730 1512 846 1569 iter
873 1513 1137 1586 expediti
1181 1513 1434 1568 latronis
1478 1529 1615 1569 cum
1658 1510 1912 1567 Milonis

162 1587 602 1665 impedimentis
650 1598 1008 1666 comparate.
1095 1590 1346 1665 Semper
1393 1591 1492 1648 ille
1544 1597 1725 1648 antea
1772 1607 1911 1646 cum

164 1683 352 1740 uxore,
382 1678 517 1728 tum
549 1672 676 1728 sine
706 1688 809 1743 ea;
851 1688 1186 1744 numquam
1216 1670 1333 1727 nisi
1363 1670 1425 1726 in
1455 1670 1656 1734 rheda,
1690 1675 1817 1725 tum
1849 1669 1912 1725 in

162 1763 340 1823 equo;
370 1751 627 1807 comites
657 1749 956 1820 Graeculi,
988 1767 1363 1824 quocumque
1393 1749 1534 1820 ibat,
1557 1748 1745 1806 etiam
1774 1766 1910 1806 cum

165 1824 222 1881 in
249 1821 445 1886 castra
475 1829 737 1886 Etrusca
763 1829 1142 1903 properabat,
1168 1835 1295 1885 tum
1329 1828 1709 1902 nugarumin
1735 1828 1913 1885 comi·
1942 1829 2016 1885 20

164 1908 286 1962 tatu
325 1908 516 1965 nihil:
566 1908 738 1977 Milo,
783 1908 884 1982 qui
939 1924 1281 1981 numquam,
1327 1913 1456 1963 tum
1503 1925 1647 1964 casu
1691 1923 1912 1981 pueros

164 1987 622 2060 symphoniacos
651 1988 856 2043 uxoris
884 1986 1143 2043 ducebat
1171 1992 1233 2043 et
1263 1986 1612 2043 ancillarum
1657 2002 1913 2060 greges3

168 2060 275 2134 ille,
304 2068 405 2140 qui
437 2083 675 2140 semper
703 2083 907 2122 secum
933 2072 1150 2126 scorta,
1183 2082 1419 2140 semper
1446 2066 1731 2132 exoletos,
1765 2081 1916 2121 sem·

160 2156 260 2214 per
298 2144 474 2219 lupas
518 2146 779 2214 duceret,
823 2150 953 2200 tum
996 2144 1316 2214 neminem,
1363 2144 1482 2201 nisi
1525 2152 1593 2199 ut
1633 2144 1832 2200 virum
1877 2160 1912 2198 a

170 2220 284 2279 viro
331 2224 557 2282 lectum
605 2241 737 2281 esse
788 2223 1030 2280 diceres,
1118 2223 1243 2282 Cur
1292 2223 1479 2296 igitur
1525 2224 1721 2280 victus
1770 2220 1907 2279 est?
1940 2224 2016 2281 25

170 2297 317 2370 Quia
373 2322 499 2361 non
558 2320 791 2378 semper
831 2303 1030 2359 viator
1072 2320 1108 2358 a
1164 2303 1413 2370 latrone,
1458 2319 1912 2376 nonnumquam

169 2378 337 2437 etiam
382 2383 545 2440 latro
595 2401 632 2439 a
672 2383 904 2438 viatore
955 2381 1285 2454 occiditur3
1340 2381 1500 2456 quia,
1545 2398 1911 2455 quamquam

168 2465 402 2529 paratus
429 2461 495 2518 in
526 2461 860 2535 imparatos
892 2459 1162 2530 Clodius,
1195 2466 1396 2517 tamen
1440 2460 1654 2516 mulier
1695 2460 1913 2517 incide-

167 2543 252 2591 rat
277 2538 337 2595 in
360 2541 544 2597 viros.
618 2539 675 2596 N
680 2558 747 2597 ec.
768 2556 912 2596 vero
937 2539 1022 2595 sic
1044 2546 1175 2597 erat-
1203 2557 1488 2614 umquam
1513 2556 1633 2595 non
1661 2545 1912 2612 paratus

170 2610 306 2673 Milo
335 2626 548 2676 contra
587 2618 775 2689 illum,
806 2623 877 2675 ut
918 2635 1039 2674 non
1083 2618 1234 2675 satis
1277 2619 1398 2674 fere
1440 2623 1603 2674 esset
1643 2624 1907 2692 paratus
1941 2622 2017 2677 30

170 2689 403 2770 Semper
423 2699 526 2755 ille
547 2703 610 2754 et
632 2703 922 2772 quantum
954 2697 1275 2754 interesset
1307 2697 1372 2754 P.
1399 2696 1594 2755 Clodii
1626 2713 1690 2753 se
1718 2697 1910 2770 perire

171 2777 224 2828 et
247 2783 467 2848 quanto
494 2776 584 2833 illi
614 2777 750 2833 odio
779 2781 943 2832 esset
970 2782 1032 2832 et
1061 2783 1356 2850 quantum
1398 2775 1495 2831 ille
1531 2776 1781 2832 auderet
1822 2793 1915 2832 co·

171 2849 424 2929 gitabat3
488 2856 876 2931 quamobrem
925 2855 1111 2911 vitam
1163 2872 1352 2924 suam,
1398 2872 1579 2929 quam
1629 2854 1913 2911 maximis

171 2935 433 3000 praemiis
454 2935 828 3010 propositam
851 2938 912 2990 et
935 2951 1124 3007 paene
1150 2934 1452 2990 addictam
1476 2933 1719 3002 sciebat,
1745 2950 1914 2989 num-

172 3023 335 3080 quam
380 3014 441 3070 in
484 3014 818 3089 periculum
863 3012 994 3068 sine
1037 3012 1337 3085 praesidio
1376 3017 1437 3069 et
1476 3012 1603 3068 sine
1634 3012 1909 3069 custodia
1940 3012 2015 3069 35

174 3091 517 3161 projiciebat.
607 3092 785 3148 Adde
815 3108 1009 3160 casus,
1042 3091 1197 3148 adde
1227 3091 1491 3147 incertos
1519 3092 1720 3147 exitus
1763 3108 1912 3163 pug-

177 3177 365 3226 narum
388 3171 770 3244 Martemque
794 3184 1190 3238 communem,
1217 3170 1317 3243 qui
1344 3186 1520 3243 saepe
1545 3168 1907 3241 spoliantem

181 3242 291 3313 jam
322 3257 382 3307 et
412 3251 824 3308 exsultantem
870 3250 1089 3306 evertit
1128 3257 1191 3304 et
1230 3247 1485 3322 perculit
1527 3248 1604 3303 ab
1648 3247 1908 3317 abjecto;

177 3322 308 3382 udde
329 3328 629 3388 inscitiam
658 3328 880 3404 pransi,
903 3328 1051 3401 poti,
1084 3325 1400 3383 oscitantis
1428 3325 1616 3391 ducis,
1639 3322 1744 3394 qui
1771 3338 1908 3376 cum
