2284 3717
253 118 384 185 216
765 133 840 181 ιι.
871 133 1131 181 ‘runnu
1182 132 1583 181 monnoms

360 306 581 349 manus
610 288 685 347 de
712 289 983 365 pecuniis
1011 290 1365 366 repetundis
1395 290 1641 367 optimis
1661 291 1915 364 judiciis
1947 309 2099 350 seve-

359 370 735 445 rissimisque
782 370 1089 445 judicibus
1144 388 1296 428 usus
1350 378 1460 428 est.
1573 370 1995 430 Circumstant
2042 377 2098 428 te

364 466 637 506 summae
662 450 1073 520 auctoritates,
1094 468 1251 525 quae
1272 456 1334 507 te
1358 450 1636 508 oblivisci
1657 451 1863 508 laudis
1883 452 2103 509 domes-

361 529 518 586 ticae
554 546 675 586 non
712 530 930 599 sinant,
962 547 1115 604 quae
1148 535 1207 587 te
1236 535 1444 588 noctes
1486 530 1735 605 diesque
1777 548 2103 588 commone-

298 613 334 669 5
366 615 472 665 ant
501 609 897 666 fortissimum
927 610 1038 665 tibi
1066 615 1318 684 patrem,
1351 610 1873 684 sapientissimum
1906 628 2098 679 avum,

363 688 793 763 gravissimum
826 705 1098 746 socerum
1128 689 1332 746 fuisse.
1420 689 1620 761 Quare
1662 689 1716 746 si
1762 689 2102 748 Glabrionis

361 767 552 843 patris
596 767 721 824 vim
764 773 826 825 et
872 768 1262 825 acrimoniam
1307 768 1536 843 ceperis
1581 769 1659 826 ad
1703 764 2103 826 resistendum

364 846 711 904 hominibus
731 848 1164 918 audacissimiS,
1186 848 1238 904 si
1261 848 1359 904 avi
1383 848 1711 906 Scaevolae
1728 849 2103 924 prudentiam

365 926 443 984 ad
482 926 938 1002 prospiciendas
979 926 1254 998 insidias,
1288 945 1442 1003 quae
1484 934 1626 985 tuae
1670 934 1851 1002 atque
1897 928 2103 985 horum

263 1005 336 1066 10
367 1005 563 1063 famae
594 1012 1035 1082 comparantur,
1057 1006 1108 1063 si
1139 1008 1330 1064 soceri
1360 1005 1569 1064 Scauri
1598 1007 2024 1077 constantiam,
2042 1013 2106 1065 ut

368 1103 441 1142 ne
466 1086 602 1160 quis
622 1091 683 1143 te
707 1087 780 1144 de
802 1103 946 1143 vera
962 1092 1024 1143 et
1043 1092 1210 1143 certa
1228 1086 1425 1162 possit
1447 1086 1753 1143 sententia
1771 1087 2102 1157 demovere,

366 1165 667 1240 intelliget
694 1166 957 1241 populus
997 1166 1313 1223 Romanus
1350 1166 1739 1240 integerrimo
1786 1171 1974 1241 atque
2016 1168 2108 1224 ho-

367 1245 717 1302 nestissimo
759 1251 1037 1321 praetore
1079 1245 1432 1338 delectoque
1461 1246 1713 1303 consilio
1744 1247 1985 1304 nocenti
2014 1263 2107 1304 reo

364 1325 847 1398 magnitudinem
867 1326 1174 1417 Ηρεοιιιιίιιθ
1215 1324 1357 1401 plus
1401 1325 1685 1382 habuisse
1713 1327 2009 1384 momenti
2039 1325 2109 1383 ad

264 1404 335 1462 15
367 1403 770 1479 suspicionem
799 1404 1070 1462 criminis
1099 1422 1282 1480 quam
1314 1404 1389 1461 ad
1421 1405 1712 1462 rationem
1746 1406 1981 1463 salutis.

451 1484 539 1542 18.
582 1483 740 1541 Mihi
784 1490 1009 1541 certum
1053 1489 1149 1541 est
1192 1501 1312 1541 non
1357 1484 1751 1554 committere,
1780 1489 1851 1541 ut
1897 1486 1962 1541 in
2002 1485 2109 1543 hac

369 1579 553 1619 causa
598 1568 840 1638 praetor
887 1564 1063 1621 nobis
1113 1563 1546 1638 consiliumque
1594 1569 1881 1621 mutetur.
1977 1564 2110 1622 Non

365 1642 566 1718 patiar
607 1660 731 1699 rem
765 1642 829 1699 in
868 1643 930 1700 id
971 1648 1212 1719 tempus
1254 1642 1494 1714 adduci,
1532 1647 1604 1700 ut
1644 1642 1925 1721 [Siculi],
1966 1661 2111 1719 quos

369 1721 566 1778 adhuc
595 1721 754 1778 servi
781 1721 1237 1796 designatorum
1266 1721 1581 1779 consulum
1608 1740 1728 1779 non
1772 1727 2109 1793 moverunt,

367 1819 502 1859 cum
546 1817 650 1858 eos
692 1818 851 1858 novo
899 1801 1172 1877 exemplo
1215 1801 1535 1859 universos
1578 1808 1969 1872 arcesserent,
2013 1819 2111 1860 eos

369 1886 503 1937 tum
544 1879 784 1938 lictores
826 1881 1140 1938 consulum
1170 1886 1423 1939 vocent:
1464 1886 1536 1938 ut
1576 1880 1851 1939 homines
1894 1883 2108 1952 miseri,

370 1965 550 2016 antea
577 1960 724 2018 socii
754 1965 935 2035 atque
976 1960 1156 2018 amici
1196 1960 1398 2037 populi
1442 1960 1724 2032 Romani,
1756 1979 1919 2020 nunc
1959 1963 2112 2019 servi

371 2057 441 2097 ac
483 2040 799 2115 supplices,
832 2058 953 2097 non
987 2040 1165 2097 modo
1191 2041 1294 2114 jus
1338 2057 1515 2096 suum
1558 2040 1956 2116 fortunasque
1999 2059 2114 2098 om-

370 2135 478 2175 nes
524 2137 728 2176 eorum
773 2118 1027 2193 imperio
1077 2120 1380 2189 amittant,
1431 2136 1641 2176 verum
1689 2120 1874 2176 etiam
1921 2121 2116 2195 deplo-

267 2199 340 2256 25
371 2198 545 2254 randi
564 2199 719 2272 juris
748 2198 843 2255 sui
861 2204 1228 2274 potestatem
1253 2216 1374 2257 non
1404 2198 1681 2255 habeant.
1755 2198 1896 2256 Non
1923 2201 2114 2257 sinam

371 2277 656 2349 profectO,
694 2295 878 2335 causa
919 2296 955 2334 a
997 2296 1094 2335 me
1133 2283 1415 2353 perorata
1455 2278 1865 2353 quadraginta
1906 2280 2115 2337 diebus

370 2355 745 2430 interpositis
773 2363 903 2414 tum
932 2357 1105 2415 nobis
1142 2358 1397 2433 denique
1438 2358 1806 2431 responderi,
1839 2376 1977 2415 cum
2022 2377 2112 2416 ac·

372 2436 605 2493 cusatio
633 2442 844 2494 nostra
871 2437 931 2492 in
956 2436 1320 2494 oblivionem
1347 2436 1674 2493 diurnitate
1705 2436 1972 2495 adducta
2000 2438 2111 2511 sit;

371 2532 492 2572 non
521 2517 892 2572 committam
924 2521 994 2573 ut
1016 2521 1147 2572 tum
1173 2516 1321 2573 haec
1349 2533 1444 2572 res
1463 2515 1782 2588 judicetur,
1808 2533 1947 2574 cum
1971 2517 2113 2574 haec

267 2596 341 2657 30
372 2594 708 2669 frequentia
759 2596 951 2653 totius
1013 2592 1230 2652 Italiae
1287 2595 1488 2652 Roma
1541 2595 1905 2666 discesserit,
1965 2615 2112 2672 quae

372 2674 658 2731 convenit
685 2693 806 2732 uno
835 2680 1101 2751 tempore
1126 2674 1387 2749 undique
1411 2675 1809 2743 comitiorum,
1833 2675 2112 2733 ludorum

374 2754 771 2827 censendique
803 2771 1001 2812 causa.
1089 2755 1288 2828 Hujus
1307 2753 1517 2826 judicii
1545 2759 1607 2810 et
1628 2753 1828 2810 laudis
1850 2755 2109 2813 fructum

370 2836 434 2889 et
482 2833 829 2890 offensionis
872 2833 1204 2924 periculum
1254 2839 1541 2901 vestrum,
1588 2832 1855 2889 laborem
1907 2835 2112 2892 sollici-

369 2911 758 2986 tudinemque
787 2917 1075 2981 nostram,
1108 2911 1418 2968 scientiam
1452 2878 1598 2986 qu'id
1628 2917 1849 2985 agatur
1891 2931 2109 2971 memo·

265 2989 339 3045 35
370 2990 640 3065 riamque
684 2991 828 3065 quid
876 3008 910 3046 a
957 3008 1191 3065 quoque
1241 2991 1469 3048 dictum
1518 2991 1600 3047 sit
1647 2991 1919 3049 omnium
1968 2999 2109 3069 puto

369 3086 503 3124 esse
533 3076 820 3142 oportere.
907 3069 1153 3125 Faciam
1188 3068 1299 3126 hoc
1326 3087 1449 3126 non
1487 3087 1732 3140 novum,
1763 3070 1872 3128 sed
1904 3073 1982 3129 ab
2010 3073 2107 3141 eis,

371 3146 472 3216 qui
502 3163 661 3201 nunc
688 3146 984 3218 principes
1027 3153 1269 3203 nostrae
1312 3148 1580 3205 civitatis
1623 3155 1783 3220 sunt,
1816 3157 1962 3208 ante
2003 3152 2109 3209 fac·

371 3226 518 3288 tum,
562 3228 631 3277 ut
671 3223 934 3277 testibus
982 3228 1123 3278 utar
1167 3225 1412 3282 statim:
1455 3225 1605 3283 illud
1653 3245 1689 3283 a
1727 3245 1825 3284 me
1867 3247 2106 3299 novum,

379 3294 627 3364 judices,
653 3299 1049 3368 cognoscetis,
1081 3303 1242 3373 quod
1274 3302 1363 3359 ita
1394 3308 1584 3361 testes
1625 3306 2019 3382 constituam,
2047 3314 2110 3368 ut
