2284 3717
300 175 387 223 IN
426 175 500 224 Π.
531 173 937 222 ΑΝΤΟΝΙΠΜ
973 174 1251 221 ORATIO
1288 174 1729 222 PHILIPPICA
1765 175 1815 222 1.
1892 159 2013 226 177

152 333 395 407 gratia3
437 331 599 407 quod
639 332 801 389 idem
843 330 926 401 fit,
971 349 1108 389 cum
1152 333 1226 390 de
1268 331 1578 407 triumpho
1618 332 1909 391 refertur:

152 413 245 469 ita
296 413 431 469 sine
473 429 617 468 cura
658 411 936 468 consules
980 418 1141 483 sunt,
1182 418 1253 469 ut
1295 430 1487 487 paene
1530 413 1785 469 liberum
1832 413 1916 470 sit

152 491 424 548 senatori
481 508 602 547 non
659 491 887 548 adesse.
985 492 1107 564 Qui
1162 509 1295 548 cum
1347 491 1500 548 mihi
1551 510 1683 550 mos
1731 497 1913 549 notus

149 577 322 628 esset
350 588 604 645 cumque
635 588 666 627 e
699 571 800 626 via
840 570 1191 645 languerem
1218 578 1281 628 et
1321 571 1601 629 mihimet
1642 572 1916 646 displice-

150 668 300 717 rem,
334 650 472 706 misi
501 667 609 723 pro
639 650 909 707 amicitia
950 652 1054 724 qui
1097 650 1210 708 hoc
1251 651 1308 708 ei
1351 651 1592 709 diceret.
1681 651 1772 709 At
1812 651 1913 708 ille
1982 653 2019 708 5

155 730 338 786 vobis
367 729 757 786 audientibus
785 747 920 786 cum
950 730 1139 786 fabris
1165 747 1229 787 se
1259 731 1506 788 domum
1544 748 1742 787 meam
1773 748 1913 788 ven-

147 812 383 866 turum'
413 826 545 866 csse
590 809 762 866 dixit.
847 807 1050 867 Nimis
1093 809 1378 868 iracunde
1419 810 1531 867 hoc
1569 809 1812 885 quidem
1849 815 1911 868 et

147 889 334 946 valde
389 889 896 962 intemperanter:
960 891 1130 962 cujus
1185 890 1349 946 enim
1405 888 1681 952 maleficii
1738 895 1915 946 tanta

146 969 277 1026 ista
314 985 511 1041 poena
551 973 666 1038 est,
698 973 763 1024 ut
807 968 1001 1026 dicere
1043 970 1106 1026 in
1151 969 1262 1026 hoc
1304 970 1511 1027 ordine
1555 969 1806 1026 auderet
1846 985 1911 1026 se

147 1048 416 1123 publicis
463 1048 663 1122 operis
712 1048 1194 1105 disturbaturum
1249 1049 1483 1124 publice
1534 1066 1610 1106 ex
1663 1053 1915 1106 senatus
1947 1050 2021 1106 10

149 1127 463 1185 sententia
517 1126 896 1184 aedificatam
953 1126 1244 1186 domum?
1330 1129 1486 1201 Quis
1536 1133 1742 1185 autem
1790 1145 1916 1184 um-

148 1224 339 1283 quam
388 1212 565 1263 tanto
617 1206 839 1263 damno
882 1213 1225 1265 senatorem
1267 1206 1511 1281 coegit?
1596 1207 1728 1264 Aut
1768 1207 1942 1282 quid,

147 1293 248 1344 est
277 1286 442 1343 ultra
465 1286 688 1360 pignus
713 1292 818 1343 aut
840 1285 1140 1345 multam?
1212 1288 1392 1360 Quod
1416 1288 1470 1345 si
1493 1286 1708 1344 scisset
1730 1302 1915 1362 quam

148 1365 521 1424 sententiam
564 1365 834 1423 dicturus
876 1383 1091 1436 essem,
1134 1367 1472 1424 remisisset
1513 1366 1742 1441 aliquid
1783 1383 1918 1441 pro·

148 1446 311 1504 fecto
342 1446 419 1502 de
448 1445 774 1502 severitate
802 1446 1074 1519 cogendi.
1946 1447 2019 1504 15

231 1528 284 1584 6.
333 1524 442 1582 An
490 1541 586 1581 me
636 1526 913 1595 oensem,
957 1531 1163 1599 patres
1212 1525 1554 1600 conscripti,
1597 1525 1757 1600 quod
1803 1542 1916 1582 vos

149 1604 331 1662 inviti
375 1604 572 1662 secuti
612 1605 779 1673 estiS,
811 1605 1190 1662 decreturum
1233 1605 1438 1674 fuisse,
1470 1612 1539 1661 ut
1579 1604 1915 1680 parentalia

150 1701 287 1741 cum
311 1683 858 1758 supplicationibus
880 1682 1318 1742 miscerentur?
1403 1684 1494 1741 Ut
1516 1684 1913 1759 inexpiabiles

150 1763 483 1838 religiones
505 1763 568 1819 in
591 1779 718 1820 rem
742 1764 1048 1838 publicam
1071 1761 1542 1821 inducerentur?
1608 1763 1700 1821 Ut
1721 1764 1915 1821 decer-

152 1850 445 1901 nerentur
500 1843 972 1918 supplicationes
1026 1842 1310 1900 mortuo?
1392 1843 1564 1900 Nihil
1606 1843 1741 1900 dico
1782 1843 1916 1900 cui:
1946 1843 2021 1900 20

147 1924 335 1980 fue-rit
375 1922 481 1980 ille
516 1922 760 1993 BrutuS‚
805 1924 909 1998 qui
953 1929 1017 1980 et
1055 1924 1185 1997 ipse
1224 1923 1538 1980 dominatu
1584 1923 1748 2000 regio
1789 1939 1917 1979 rem

152 2002 464 2077 publicam
495 2001 777 2059 liberavit
804 2009 867 2060 et
908 2003 986 2060 ad
1016 2003 1275 2060 similem
1306 2003 1596 2060 virtutem
1625 2009 1689 2059 et
1716 2002 1917 2059 simile

154 2083 382 2140 factum
405 2081 656 2156 stirpem
674 2083 802 2155 jam
823 2100 1006 2158 prope
1028 2083 1093 2139 in
1115 2082 1670 2158 quingentesimum
1689 2099 1915 2138 annum

153 2162 555 2238 propagavit:
588 2161 806 2219 adduci
834 2169 1040 2219 tamen
1060 2180 1183 2219 non
1204 2178 1446 2237 possem
1468 2166 1536 2218 ut
1556 2178 1917 2237 quemquam

153 2247 465 2299 mortuum
494 2240 920 2316 conjungerem
948 2259 1085 2299 cum
1119 2241 1554 2298 immortalium
1594 2241 1917 2315 religione3
1947 2241 2023 2298 25

154 2327 242 2391 ut,
272 2322 447 2394 cujus
476 2320 816 2395 sepulcrum
859 2338 1116 2397 usquam
1160 2326 1361 2378 exstet
1401 2320 1505 2376 ubi
1547 2325 1914 2394 parentetur,

153 2400 212 2458 ei
251 2400 494 2475 publice
536 2400 921 2474 supplicetur.
1009 2400 1146 2474 Ego
1189 2418 1332 2457 vero
1372 2417 1509 2457 eam
1551 2400 1918 2457 sententiam

154 2479 466 2547 dixissem,
512 2484 583 2536 ut
627 2497 723 2535 me
773 2480 1066 2537 adversus
1113 2479 1402 2554 populum
1449 2479 1817 2548 Romanum,
1864 2478 1918 2536 si

156 2559 264 2634 qui
293 2558 622 2617 accidisset
650 2560 896 2633 gravior
923 2559 1010 2615 rei
1040 2559 1315 2634 publicae
1350 2574 1545 2628 casuS,
1578 2559 1630 2615 si
1673 2558 1915 2628 bellum,

157 2639 211 2696 si
255 2639 523 2707 morbus,
556 2637 609 2694 si
647 2639 856 2709 fames,
892 2638 1066 2696 facile
1095 2655 1337 2713 possem
1366 2638 1720 2711 defendere3
1760 2655 1916 2712 quae
1947 2637 2023 2694 30

155 2718 380 2794 partim
400 2719 532 2791 jam
561 2723 720 2786 sunt,
745 2719 966 2792 partim
997 2719 1181 2775 timeo
1204 2735 1278 2775 nc
1303 2717 1705 2791 impendeant.
1795 2716 1917 2774 Sed

158 2796 276 2854 hoc
314 2798 642 2872 ignoscant
683 2797 745 2854 di
789 2797 1164 2857 immortales
1209 2797 1386 2854 velim
1429 2802 1492 2853 et
1535 2797 1758 2871 populo
1799 2797 1921 2854 Ro-

159 2894 359 2945 mano,
390 2876 494 2951 qui
522 2876 585 2933 id
615 2894 734 2933 non
763 2878 996 2951 probat,
1016 2882 1079 2934 et
1108 2876 1248 2934 huic
1277 2876 1492 2946 ordini,
1518 2877 1620 2950 qui
1650 2876 1919 2933 decrevit

158 2956 408 3014 invitus.
510 2954 720 3028 Quid?
816 2956 910 3014 De
966 2956 1216 3032 reliquis
1270 2955 1355 3012 rei
1410 2956 1684 3030 publicae
1740 2955 1917 3011 malis

160 3036 380 3093 licetne
425 3033 666 3093 dicere?
751 3036 909 3093 Mihi
954 3054 1097 3095 vero
1138 3035 1280 3092 licet
1328 3040 1390 3092 et
1435 3052 1670 3111 semper
1717 3033 1920 3091 licebit
1946 3029 2021 3087 35

159 3114 524 3189 dignitatem
581 3115 753 3185 tueri,
811 3121 1068 3172 mortem
1128 3120 1526 3172 contemnere.
1633 3114 1918 3170 Potestas

161 3193 346 3250 modo
384 3194 664 3251 veniendi
706 3195 771 3250 in
813 3194 973 3251 hunc
1014 3195 1209 3251 locum
1255 3194 1369 3250 sit:
1414 3193 1650 3250 dicendi
1690 3191 1919 3264 pericu·

163 3273 290 3330 lum
326 3289 445 3329 non
485 3291 713 3332 recuso.
799 3274 1006 3348 Atque
1047 3274 1299 3341 utinam,
1325 3279 1532 3346 patres
1574 3268 1915 3340 conscripti,

166 3352 490 3479 Kalendils2
514 3352 854 3481 {extilibus
910 3353 1122 3409 adesse
1186 3347 1555 3425 potuissem!
1625 3362 1747 3401 non
1799 3359 1915 3416 quo

557 3445 620 3479 10.
