2284 3717
266 111 392 181 126
791 132 864 179 u.
899 129 1158 179 TULLII
1209 130 1606 179 cmmwms

373 286 778 346 Sustinuisset
806 288 919 345 hoc
961 286 1190 345 crimen
1216 287 1475 362 primum
1520 287 1650 362 ipse
1685 287 1787 345 ille
1831 287 2131 347 latronum

372 369 705 424 occultator
745 373 809 424 et
848 375 1120 441 receptor
1160 367 1343 437 locuS,
1376 385 1510 424 cum
1553 384 1746 441 neque
1790 375 1969 426 muta
2004 369 2135 425 soli-

369 448 519 503 tudo
571 447 904 503 indicasset
952 464 1144 521 neque
1194 464 1370 503 caeca
1424 464 1544 503 nox
1591 447 1970 504 ostendisset
2025 447 2135 504 Mi-

369 526 605 597 lonem3
668 526 884 582 deinde
940 526 1021 581 ibi
1079 526 1258 583 multi
1315 526 1390 582 ab
1441 526 1542 582 illo
1584 525 1816 595 violati,
1862 526 2128 601 spoliati,

305 606 341 663 5
371 605 547 661 bonis
589 605 840 680 expulsi,
872 605 1048 661 multi
1092 605 1240 662 haec
1281 605 1464 662 etiam
1509 606 1793 662 timentes
1836 606 1902 661 in
1944 605 2133 680 suspi-

370 685 604 741 cionem
636 686 934 751 caderent,
966 690 1100 741 tota
1126 685 1382 758 denique
1411 701 1515 741 rea
1542 684 1834 741 citaretur
1864 683 2128 741 Etruria.

372 764 578 838 Atque
623 764 724 819 illo
754 763 849 819 die
879 771 1037 820 certe
1068 764 1277 820 Aricia
1305 763 1543 820 rediens
1581 763 1848 820 devertit
1881 763 2132 822 Clodius

376 844 452 899 ad
503 844 847 902 Albanum:
906 842 1066 916 quod
1118 849 1187 898 ut
1234 843 1413 899 sciret
1462 842 1613 898 Milo
1661 841 1838 898 illum
1885 843 2130 899 Ariciae

369 922 574 991 fuisse,
602 921 894 995 suspicari
918 928 1121 978 tamen
1146 922 1353 978 debuit
1380 939 1536 991 eum,
1561 921 1746 977 etiam
1781 921 1838 977 si
1869 921 2129 978 Romam

267 998 341 1057 10
370 1001 472 1058 illo
512 1002 610 1058 die
650 1001 875 1057 reverti
920 1001 1119 1071 vellet,
1166 1001 1243 1057 ad
1286 999 1491 1056 villam
1534 1017 1724 1068 suam,
1763 1017 1926 1074 quae
1970 1002 2129 1056 viam

369 1085 666 1154 tangeret,
699 1081 1109 1138 deversurum.
1199 1079 1323 1137 Cur
1350 1096 1542 1153 neque
1572 1085 1708 1135 ante
1748 1080 2027 1148 occurrit,
2058 1096 2131 1135 ne

369 1159 469 1215 ille
500 1160 562 1215 in
587 1159 731 1215 villa
753 1159 1060 1228 resideret,
1088 1176 1198 1216 nec
1218 1176 1289 1216 eo
1314 1158 1376 1214 in
1405 1158 1535 1216 loco
1564 1158 1857 1229 subsedit,
1883 1176 2005 1233 quo
2033 1158 2130 1215 ille

370 1245 556 1294 noctu
584 1244 874 1295 venturus
902 1236 1111 1297 esset?

450 1317 648 1375 Video
707 1318 904 1375 adhuc
960 1322 1254 1386 constare,
1314 1316 1568 1389 judices,
1625 1316 1851 1386 omnia,
1912 1314 2132 1373 Miloni

267 1393 339 1453 15
370 1396 553 1453 etiam
578 1396 723 1453 utile
747 1396 931 1453 fuisse
955 1396 1236 1455 Clodium
1259 1395 1479 1463 vivere,
1501 1395 1588 1451 illi
1611 1395 1688 1451 ad
1706 1413 1797 1463 ea,
1820 1412 1977 1470 quae
2001 1412 2133 1451 con·

370 1476 658 1551 cupierat,
712 1476 1162 1551 optatissimum
1217 1475 1526 1531 interitum
1578 1473 1867 1547 Milonis3
1925 1475 2131 1531 odium

371 1554 558 1611 fuisse
588 1554 752 1611 illius
784 1557 846 1612 in
876 1555 1034 1612 hunc
1065 1553 1534 1621 acerbissimum,
1566 1553 1799 1609 nullum
1847 1552 2029 1626 hujus
2069 1553 2131 1608 in

373 1633 586 1707 illum3
630 1635 1130 1692 consuetudinem
1171 1633 1334 1689 illius
1379 1639 1733 1707 perpetuam
1777 1632 1843 1688 in
1887 1632 1952 1688 vi
1992 1631 2133 1688 infe·

371 1713 573 1781 reuda,
606 1712 785 1786 hujus
827 1722 1064 1771 tantum
1095 1713 1159 1767 in
1187 1711 1564 1786 repellenda3
1608 1717 1866 1768 mortem
1911 1711 1988 1767 ab
2029 1711 2131 1767 illo

267 1789 342 1845 20
372 1791 791 1849 denuntiatam
823 1792 1037 1850 Miloni
1061 1797 1123 1848 et
1144 1791 1546 1866 praedicatam
1577 1789 1796 1864 palam,
1822 1790 1977 1847 nihil
2007 1807 2130 1846 um-

373 1889 552 1945 quam
599 1873 873 1931 auditum
904 1889 980 1928 ex
1015 1871 1275 1941 Milone3
1315 1869 1700 1943 profectionis
1743 1869 1927 1942 hujus
1970 1870 2128 1926 diem

372 1949 461 2008 illi
492 1960 719 2021 notum,
751 1952 981 2008 reditus
1010 1950 1173 2006 illius
1203 1949 1341 2005 huic
1371 1949 1645 2021 ignotum
1683 1948 1910 2022 fuisse3
1955 1949 2131 2022 hujus

371 2030 487 2087 iter
518 2031 938 2100 necessarium,
972 2030 1134 2086 illius
1164 2028 1347 2084 etiam
1378 2028 1584 2101 potius
1626 2027 1930 2101 alienum;
1974 2028 2131 2084 hunc

368 2126 514 2181 prae
545 2128 608 2167 se
639 2111 852 2166 tulisse
870 2110 983 2166 ‘illo
1014 2108 1106 2165 die
1138 2108 1339 2163 Roma
1378 2106 1699 2175 exiturum,
1730 2106 1904 2164 illum
1937 2125 2009 2164 eo
2039 2107 2131 2164 die

266 2183 337 2240 25
370 2203 432 2244 se
464 2189 881 2246 dissimulasse
909 2188 1273 2258 rediturum3
1304 2185 1462 2241 hunc
1490 2185 1712 2242 nullius
1743 2186 1829 2242 rei
1858 2196 2129 2244 mutasse

369 2268 707 2337 consilium,
747 2268 914 2323 illum
959 2283 1203 2324 causam
1246 2264 1523 2330 mutandi
1565 2265 1800 2320 consilii
1845 2264 2126 2336 finxisse3

370 2344 525 2415 huic,
552 2346 599 2402 si
635 2347 1032 2414 insidiaretur,
1055 2350 1292 2400 noctem
1319 2360 1505 2417 prope
1534 2344 1746 2399 urbem
1783 2351 2132 2419 exspectan·

371 2424 530 2495 dam,
554 2425 659 2494 illi,
685 2425 864 2481 etiam
897 2425 946 2480 si
978 2424 1135 2481 hunc
1161 2440 1279 2479 non
1306 2423 1563 2492 timeret,
1587 2427 1795 2479 tamen
1820 2440 2127 2481 accessum

372 2504 450 2560 ad
481 2505 685 2560 urbem
718 2511 1072 2560 nocturnum
1102 2501 1292 2557 fuisse
1320 2500 1727 2558 metuendum.

267 2580 342 2635 30
453 2585 542 2640 20.
589 2582 923 2639 Videamus
957 2598 1115 2637 nunc
1158 2581 1236 2649 id,
1268 2580 1429 2654 quod
1472 2586 1653 2654 caput
1691 2584 1803 2648 est,
1839 2581 2012 2638 locus
2054 2579 2127 2637 ad

370 2660 625 2717 insidias
665 2661 763 2717 ille
807 2661 952 2734 ipse,
999 2660 1098 2715 ubi
1140 2658 1451 2731 congressi
1500 2664 1660 2728 sunt,
1706 2659 1832 2715 utri
1884 2661 2127 2716 tandem

371 2739 552 2796 fuerit
582 2739 792 2813 aptior.
867 2739 939 2795 Id
964 2755 1122 2807 vero,
1147 2738 1400 2810 judiceS,
1423 2737 1607 2793 etiam
1639 2737 2040 2795 dubitandum
2069 2743 2126 2794 et

371 2817 600 2874 diutius
630 2818 1013 2891 cogitandum
1043 2815 1184 2873 est?
1269 2816 1433 2873 Ante
1469 2815 1723 2872 fundum
1758 2816 1981 2887 Clodii,
2012 2834 2125 2892 quo

371 2895 432 2950 in
463 2896 648 2953 fundo
677 2905 922 2968 propter
958 2897 1209 2951 insanas
1251 2895 1388 2951 illas
1431 2894 1916 2953 substructiones
1959 2896 2125 2953 facile

266 2971 342 3028 35
376 2973 683 3029 hominum
729 2974 890 3029 mille
921 2974 1318 3030 versabantur
1348 2973 1696 3043 valentium,
1725 2974 1894 3032 edito
1927 2976 2127 3032 adver-

375 3052 516 3107 sarii
548 3061 725 3123 atque
754 3053 988 3107 excelso
1022 3052 1153 3108 loco
1197 3053 1563 3125 superiorem
1608 3069 1672 3109 se
1715 3052 1843 3110 fore
1886 3061 2127 3129 putarat

374 3128 544 3194 Milo,
577 3136 637 3182 et
667 3129 742 3182 ob
772 3146 904 3183 eam
928 3145 1050 3183 rem
1081 3146 1216 3184 eum
1247 3128 1439 3186 locum
1474 3131 1548 3186 ad
1577 3148 1848 3205 pugnam
1894 3132 2127 3207 potissi-

374 3220 539 3257 mum
562 3187 1029 3336 elegeratben
1059 3206 1119 3261 in
1142 3223 1215 3261 eo
1239 3206 1369 3263 loco
1391 3213 1487 3265 est
1513 3210 1717 3282 potius
1739 3219 2124 3286 exspectatus

376 3280 452 3332 ab
482 3295 570 3347 e0,
602 3280 705 3351 qui
732 3281 890 3353 ipsiu
951 3282 1065 3337 loci
1097 3299 1203 3355 spe
1234 3284 1428 3342 facere
1456 3287 1748 3362 impetum
1775 3287 2122 3366 cogitarat?
