2284 3717
215 135 300 200 92
661 129 665 140 '
734 150 809 200 M.
854 150 1113 199 ‘runnu
1165 150 1562 197 ommnoms

405 309 492 365 19.
516 307 686 364 Bono
699 312 758 364 te
776 307 977 365 animo
998 312 1147 378 tum,
1164 308 1232 380 Q.
1252 307 1562 377 Hortensi,
1577 306 1836 381 populus
1855 306 2080 363 Roma-

323 404 439 443 nus
469 393 531 444 et
560 392 809 457 ceterOS,
840 388 945 461 qui
974 392 1149 444 erant
1189 388 1252 442 in
1294 385 1501 443 eadem
1534 386 1849 455 sententia,
1883 386 2079 442 dicere

323 467 697 524 existimavit
736 485 825 536 ea,
857 485 1011 540 quae
1055 467 1445 539 sentiebatis;
1490 467 1596 522 sed
1633 471 1841 521 tamen
1883 466 1946 521 in
1989 484 2083 527 sa—

324 547 449 602 lute
493 546 796 602 communi
838 546 997 602 idem
1047 546 1306 620 populus
1356 545 1674 601 Romanus
1724 544 1918 601 dolori
1968 562 2081 600 suo
2135 539 2154 555 ‘

259 627 292 682 5
324 626 540 681 maluit
581 643 764 699 quam
808 626 1153 682 auctoritati
1199 631 1434 681 vestrae
1479 625 1929 699 obtemperare:
1972 624 2087 679 ita·

324 723 440 779 que
469 722 591 760 una
618 705 731 774 lex,
758 722 914 760 unus
940 705 1043 772 vir,
1068 722 1225 760 unus
1256 721 1450 761 annus
1478 721 1597 760 non
1627 704 1805 760 modo
1837 721 1950 760 nos
1978 702 2087 759 illa

325 784 570 840 miseria
600 802 669 841 ac
698 784 1069 857 turpitudine
1092 784 1392 851 liberavit,
1420 783 1525 840 sed
1553 783 1736 839 etiam
1770 782 1985 852 effecit,
2014 787 2087 837 ut

330 864 652 937 aliquando
681 881 820 920 vere
850 863 1191 920 videremur
1232 863 1511 919 omnibus
1540 862 1825 935 gentibus
1869 880 1940 920 ac
1984 879 2088 917 na-

326 943 595 999 tionibus
624 948 784 999 terra
815 943 1082 1016 marique
1128 942 1438 1016 imperare.
1526 943 1662 1013 Quo
1703 941 1854 997 mihi
1896 942 2086 997 etiam

224 1025 297 1080 10
327 1022 633 1097 indignius
664 1022 904 1078 videtur
947 1023 1351 1078 obtrectatum
1394 1038 1528 1078 esse
1577 1020 1789 1091 adhuc,
1824 1020 2086 1078 Gabinio

327 1102 524 1158 dicam
555 1119 709 1158 anne
740 1101 1048 1174 Pompeio,
1075 1118 1152 1157 an
1180 1102 1433 1175 utrique,
1466 1101 1526 1156 id
1556 1100 1716 1175 quod
1745 1105 1841 1156 est
1863 1100 2085 1171 verina,

326 1199 400 1238 ne
440 1181 745 1255 legaretur
774 1181 849 1237 A.
884 1181 1184 1238 Gabinius
1217 1180 1325 1238 On.
1360 1179 1648 1255 Pompeio
1677 1180 1984 1255 expetenti
2018 1197 2091 1236 ac

328 1261 680 1334 postulanti.
767 1259 991 1316 Utrum
1021 1260 1138 1329 ille,
1163 1260 1265 1333 qui
1295 1260 1564 1335 postulat
1594 1260 1670 1316 ad
1698 1263 1939 1315 tantum
1971 1259 2091 1314 bel·

328 1340 452 1396 lum
499 1341 769 1414 legatum
812 1357 988 1413 quem
1019 1340 1186 1409 velit,
1233 1340 1485 1395 idoneus
1528 1355 1647 1395 non
1692 1343 1787 1394 est
1830 1338 1936 1412 qui
1981 1338 2090 1393 im-

226 1424 299 1481 15
328 1425 539 1493 petret,
571 1437 706 1477 cum
738 1419 916 1475 ceteri
951 1420 1028 1476 ad
1057 1419 1413 1493 expilandos
1456 1418 1653 1474 socios
1695 1417 2091 1492 diripiendas-

331 1517 445 1572 que
474 1499 818 1574 provincias
848 1514 998 1572 quos
1029 1498 1351 1556 voluerunt
1377 1497 1613 1570 legatos
1642 1497 1977 1563 eduxerint,
2010 1514 2090 1553 an

330 1578 477 1652 ipse,
510 1580 677 1652 cujus
717 1578 849 1652 lege
892 1579 1059 1634 salus
1102 1595 1172 1634 ac
1215 1577 1482 1651 dignitas
1525 1575 1750 1651 populo
1800 1576 2090 1633 Romano

333 1663 512 1731 atque
543 1658 824 1714 omnibus
867 1658 1152 1729 gentibus
1198 1656 1528 1714 constituta
1566 1661 1676 1724 est,
1709 1672 1924 1729 expers
1954 1672 2090 1712 esse

333 1736 511 1794 debet
549 1738 779 1811 gloriae
820 1738 948 1809 ejus
990 1737 1370 1810 imperatoris
1402 1741 1577 1809 atque
1607 1737 1734 1808 ejus
1765 1734 2088 1803 exercituS,

227 1819 302 1875 20
331 1815 434 1889 qui
463 1817 713 1873 consilio
745 1817 936 1890 ipsius
968 1833 1035 1872 ac
1063 1815 1329 1890 periculo
1359 1821 1454 1872 est
1495 1812 1911 1871 constitutus?
1986 1814 2091 1870 An

335 1894 402 1952 O.
448 1895 774 1964 Falcidius,
819 1895 887 1967 Q.
921 1895 1224 1965 MetelluS,
1273 1895 1341 1967 Q.
1390 1894 1632 1952 Caelius
1693 1893 2088 1963 LatiniensiS,

336 1974 443 2032 On.
491 1975 801 2043 LentuluS,
848 1992 998 2049 quos
1041 1992 1251 2032 omnes
1292 1974 1538 2030 honoris
1589 1990 1771 2029 causa
1819 1973 2089 2041 nominO,

332 2072 467 2111 cum
497 2055 724 2111 tribuni
754 2054 912 2128 plebi
944 2054 1220 2124 fuissent,
1254 2071 1409 2110 anno
1436 2053 1705 2127 proximo
1736 2051 1926 2125 legati
1956 2069 2092 2108 esse

330 2139 689 2208 potuerunt3
733 2134 797 2189 in
826 2151 945 2190 uno
979 2134 1238 2191 Gabinio
1269 2137 1412 2189 sunt
1438 2138 1564 2188 tam
1608 2132 1953 2205 diligenteS,
1985 2131 2093 2206 qui

229 2215 302 2271 25
332 2213 394 2268 in
439 2213 551 2269 hoc
593 2213 766 2283 bello,
800 2214 959 2287 quod
990 2214 1120 2286 lege
1155 2212 1417 2271 Gabinia
1446 2211 1691 2284 geritur,
1724 2209 1785 2266 in
1828 2210 1944 2267 hoc
1987 2211 2095 2266 im-

333 2298 608 2366 peratore
656 2298 835 2366 atque
879 2293 1163 2362 exercitu,
1195 2310 1371 2366 quem
1415 2308 1522 2365 per
1550 2307 1659 2347 vos
1700 2290 1826 2364 ipse
1871 2290 2095 2347 consti-

330 2373 468 2442 tuit,
512 2372 696 2429 etiam
745 2373 1065 2446 praecipuo
1106 2374 1240 2445 jure
1284 2388 1415 2427 esse
1459 2368 1747 2427 deberet?
1832 2369 1926 2426 De
1970 2387 2090 2461 quo

325 2451 584 2524 legando
614 2451 890 2508 consules
920 2469 1094 2525 spero
1126 2452 1201 2507 ad
1231 2455 1509 2506 senatum
1538 2448 1866 2505 relaturos:
1900 2467 2004 2523 qul
2037 2449 2091 2505 si

334 2531 701 2587 dubitabunt
730 2536 837 2587 aut
867 2532 1301 2604 gravabuntur,
1334 2547 1448 2603 ego
1491 2546 1585 2584 me
1629 2527 1916 2601 profiteor
1944 2528 2095 2585 rela-

229 2611 304 2667 30
333 2615 552 2680 turum,
578 2628 769 2684 neque
792 2628 888 2666 me
912 2610 1200 2683 impediet
1222 2612 1573 2683 cujusquam
1603 2607 1913 2663 inimicum
1939 2608 2095 2665 edic-

333 2694 481 2759 tum,
508 2687 626 2764 quo
650 2690 853 2746 minus
878 2689 1051 2745 vobis
1081 2690 1271 2746 fretus
1295 2695 1563 2744 vestrum
1584 2688 1686 2759 jus
1712 2685 2094 2743 beneficium-

334 2787 448 2844 que
499 2769 831 2838 defendam,
877 2786 1068 2842 neque
1117 2773 1356 2842 praeter
1397 2766 1889 2831 intercessionem
1932 2768 2096 2841 quic-

333 2866 514 2923 quam
547 2848 806 2916 audiam,
840 2848 913 2904 de
957 2866 1092 2921 qua,
1124 2855 1193 2904 ut
1237 2848 1507 2915 arbitror,
1539 2846 1641 2902 isti
1682 2845 1814 2920 ipsi,
1846 2846 1952 2919 qui
1990 2847 2097 2902 mi-

336 2934 574 2996 nantur,
602 2928 787 2984 etiam
813 2934 989 3001 atque
1013 2928 1196 2984 etiam
1222 2927 1368 3001 quid
1397 2926 1576 2982 liceat
1599 2924 2089 2983 considerabunt.

231 3008 302 3064 35
337 3007 478 3062 Mea
520 3006 761 3080 quidem
806 3007 1122 3076 sententia,
1172 3007 1457 3078 QuiriteS,
1502 3021 1659 3060 unus
1685 3004 1758 3061 A.
1794 3003 2096 3062 Gabinius

335 3086 474 3141 belli
518 3085 805 3140 maritimi
852 3103 1165 3160 rerumque
1196 3093 1503 3158 gestarum
1538 3083 1645 3140 Cn.
1683 3083 1977 3156 Pompeio
2010 3103 2101 3142 so·

337 3165 467 3219 cius
499 3163 829 3233 ascribitur,
855 3172 1171 3236 propterea
1193 3165 1353 3238 quod
1380 3164 1529 3220 alter
1550 3163 1653 3219 uni
1686 3162 1832 3218 illud
1865 3162 2097 3221 bellum

336 3242 784 3314 suscipiendum
810 3242 1030 3297 vestris
1061 3243 1367 3316 suffragiis
1391 3242 1623 3310 detulit,
1650 3242 1802 3299 alter
1824 3241 2096 3301 delatum

336 3326 799 3392 susceptumque
831 3320 1098 3377 confecit.
