<?xml version="1.0" encoding="UTF-8"?>
<!DOCTYPE html PUBLIC "-//W3C//DTD XHTML 1.0 Transitional//EN"
    "http://www.w3.org/TR/xhtml1/DTD/xhtml1-transitional.dtd">
<html xmlns="http://www.w3.org/1999/xhtml" xml:lang="en" lang="en">
 <head>
  <title>
</title>
<meta http-equiv="Content-Type" content="text/html;charset=utf-8" />
  <meta name='ocr-system' content='tesseract 3.04.00' />
  <meta name='ocr-capabilities' content='ocr_page ocr_carea ocr_par ocr_line ocrx_word'/>
</head>
<body>
  <div class='ocr_page' id='page_1' title='image "./selectorationsm03stuagoog_0169.png"; bbox 0 0 2284 3717; ppageno 0'>
   <div class='ocr_carea' id='block_1_1' title="bbox 611 181 2030 255">
    <p class='ocr_par' dir='ltr' id='par_1_1' title="bbox 611 181 2030 255">
     <span class='ocr_line' id='line_1_1' title="bbox 611 181 2030 255; baseline 0.001 -10"><span class='ocrx_word' id='word_1_1' title='bbox 611 199 756 246; x_wconf 70' lang='lat' dir='ltr'>rao</span> <span class='ocrx_word' id='word_1_2' title='bbox 807 200 872 255; x_wconf 90' lang='lat' dir='ltr'>Q.</span> <span class='ocrx_word' id='word_1_3' title='bbox 904 198 1224 246; x_wconf 65' lang='lat' dir='ltr'>monuo</span> <span class='ocrx_word' id='word_1_4' title='bbox 1276 197 1579 245; x_wconf 74' lang='lat' dir='ltr'>oRArm.</span> <span class='ocrx_word' id='word_1_5' title='bbox 1904 181 2030 246; x_wconf 84' lang='lat'>163</span> 
     </span>
    </p>
   </div>
   <div class='ocr_carea' id='block_1_2' title="bbox 93 354 2047 3456">
    <p class='ocr_par' dir='ltr' id='par_1_2' title="bbox 165 354 1927 669">
     <span class='ocr_line' id='line_1_2' title="bbox 166 354 1925 431; baseline 0.001 -20"><span class='ocrx_word' id='word_1_6' title='bbox 166 355 602 427; x_wconf 73' lang='lat' dir='ltr'>animadverte,</span> <span class='ocrx_word' id='word_1_7' title='bbox 661 373 904 431; x_wconf 80' lang='lat' dir='ltr'>quaeso,</span> <span class='ocrx_word' id='word_1_8' title='bbox 963 373 1083 431; x_wconf 87' lang='lat' dir='ltr'>qua</span> <span class='ocrx_word' id='word_1_9' title='bbox 1146 354 1259 412; x_wconf 89' lang='lat' dir='ltr'>fide</span> <span class='ocrx_word' id='word_1_10' title='bbox 1315 355 1667 413; x_wconf 80' lang='lat' dir='ltr'>defendam:</span> <span class='ocrx_word' id='word_1_11' title='bbox 1735 355 1925 431; x_wconf 85' lang='lat' dir='ltr'>prodo</span> 
     </span>
     <span class='ocr_line' id='line_1_3' title="bbox 165 435 1925 511; baseline 0.001 -21"><span class='ocrx_word' id='word_1_12' title='bbox 165 451 367 495; x_wconf 86' lang='lat' dir='ltr'>meam.</span> <span class='ocrx_word' id='word_1_13' title='bbox 461 436 516 495; x_wconf 92' lang='grc' dir='ltr'>Ο</span> <span class='ocrx_word' id='word_1_14' title='bbox 563 435 949 494; x_wconf 89' lang='lat' dir='ltr'>clementiam</span> <span class='ocrx_word' id='word_1_15' title='bbox 981 435 1399 492; x_wconf 79' lang='lat' dir='ltr'><strong>admirabilem</strong></span> <span class='ocrx_word' id='word_1_16' title='bbox 1433 442 1611 511; x_wconf 91' lang='lat' dir='ltr'>atque</span> <span class='ocrx_word' id='word_1_17' title='bbox 1654 435 1925 492; x_wconf 90' lang='lat' dir='ltr'>omnium</span> 
     </span>
     <span class='ocr_line' id='line_1_4' title="bbox 166 513 1927 592; baseline 0.001 -23"><span class='ocrx_word' id='word_1_18' title='bbox 166 513 348 587; x_wconf 85' lang='lat' dir='ltr'>laude,</span> <span class='ocrx_word' id='word_1_19' title='bbox 390 516 867 592; x_wconf 86' lang='lat' dir='ltr'>praedicatione,</span> <span class='ocrx_word' id='word_1_20' title='bbox 914 515 1136 572; x_wconf 88' lang='lat' dir='ltr'>litteris</span> <span class='ocrx_word' id='word_1_21' title='bbox 1186 516 1714 589; x_wconf 83' lang='lat' dir='ltr'>monumentisque</span> <span class='ocrx_word' id='word_1_22' title='bbox 1757 516 1927 572; x_wconf 91' lang='lat' dir='ltr'>deco-</span> 
     </span>
     <span class='ocr_line' id='line_1_5' title="bbox 167 595 1925 669; baseline 0.002 -22"><span class='ocrx_word' id='word_1_23' title='bbox 167 596 444 653; x_wconf 81' lang='lat' dir='ltr'>randam!</span> <span class='ocrx_word' id='word_1_24' title='bbox 534 595 693 653; x_wconf 85' lang='lat' dir='ltr'>Cum</span> <span class='ocrx_word' id='word_1_25' title='bbox 736 595 821 652; x_wconf 92' lang='lat' dir='ltr'>M.</span> <span class='ocrx_word' id='word_1_26' title='bbox 857 595 1068 653; x_wconf 83' lang='lat' dir='ltr'>Cicero</span> <span class='ocrx_word' id='word_1_27' title='bbox 1114 596 1277 669; x_wconf 88' lang='lat' dir='ltr'>apud</span> <span class='ocrx_word' id='word_1_28' title='bbox 1321 601 1381 651; x_wconf 89' lang='lat' dir='ltr'>te</span> <span class='ocrx_word' id='word_1_29' title='bbox 1425 595 1695 652; x_wconf 85' lang='lat' dir='ltr'>defendit</span> <span class='ocrx_word' id='word_1_30' title='bbox 1740 595 1925 651; x_wconf 90' lang='lat' dir='ltr'>alium</span> 
     </span>
    </p>

    <p class='ocr_par' dir='ltr' id='par_1_3' title="bbox 166 671 2033 971">
     <span class='ocr_line' id='line_1_6' title="bbox 167 671 2033 750; baseline 0.003 -22"><span class='ocrx_word' id='word_1_31' title='bbox 167 671 224 729; x_wconf 90' lang='lat' dir='ltr'>in</span> <span class='ocrx_word' id='word_1_32' title='bbox 252 694 321 732; x_wconf 86' lang='lat' dir='ltr'>ea</span> <span class='ocrx_word' id='word_1_33' title='bbox 352 676 677 732; x_wconf 87' lang='lat' dir='ltr'>voluntate</span> <span class='ocrx_word' id='word_1_34' title='bbox 719 693 840 731; x_wconf 90' lang='lat' dir='ltr'>non</span> <span class='ocrx_word' id='word_1_35' title='bbox 868 674 1072 744; x_wconf 88' lang='lat' dir='ltr'>fuisse,</span> <span class='ocrx_word' id='word_1_36' title='bbox 1104 676 1168 732; x_wconf 87' lang='lat' dir='ltr'>in</span> <span class='ocrx_word' id='word_1_37' title='bbox 1197 693 1316 749; x_wconf 90' lang='lat' dir='ltr'>qua</span> <span class='ocrx_word' id='word_1_38' title='bbox 1358 693 1421 731; x_wconf 86' lang='lat' dir='ltr'>se</span> <span class='ocrx_word' id='word_1_39' title='bbox 1446 676 1661 750; x_wconf 77' lang='lat' dir='ltr'>ipsum</span> <span class='ocrx_word' id='word_1_40' title='bbox 1693 674 1930 731; x_wconf 86' lang='lat' dir='ltr'>confite·</span> <span class='ocrx_word' id='word_1_41' title='bbox 1996 675 2033 733; x_wconf 88' lang='lat'>5</span> 
     </span>
     <span class='ocr_line' id='line_1_7' title="bbox 166 755 1930 828; baseline 0.001 -20"><span class='ocrx_word' id='word_1_42' title='bbox 166 758 258 810; x_wconf 91' lang='lat' dir='ltr'>tur</span> <span class='ocrx_word' id='word_1_43' title='bbox 285 757 500 825; x_wconf 86' lang='lat' dir='ltr'>fuisse,</span> <span class='ocrx_word' id='word_1_44' title='bbox 533 772 642 811; x_wconf 88' lang='lat' dir='ltr'>neo</span> <span class='ocrx_word' id='word_1_45' title='bbox 688 761 827 810; x_wconf 90' lang='lat' dir='ltr'>tuas</span> <span class='ocrx_word' id='word_1_46' title='bbox 873 755 1095 810; x_wconf 85' lang='lat' dir='ltr'>tacitas</span> <span class='ocrx_word' id='word_1_47' title='bbox 1142 755 1543 828; x_wconf 87' lang='lat' dir='ltr'>cogitationes</span> <span class='ocrx_word' id='word_1_48' title='bbox 1588 755 1930 810; x_wconf 83' lang='lat' dir='ltr'>extimescit</span> 
     </span>
     <span class='ocr_line' id='line_1_8' title="bbox 166 834 1932 910; baseline 0.001 -23"><span class='ocrx_word' id='word_1_49' title='bbox 166 849 267 890; x_wconf 91' lang='lat' dir='ltr'>nec</span> <span class='ocrx_word' id='word_1_50' title='bbox 289 835 442 910; x_wconf 91' lang='lat' dir='ltr'>quid</span> <span class='ocrx_word' id='word_1_51' title='bbox 471 835 588 891; x_wconf 88' lang='lat' dir='ltr'>tibi</span> <span class='ocrx_word' id='word_1_52' title='bbox 618 835 691 891; x_wconf 93' lang='lat' dir='ltr'>de</span> <span class='ocrx_word' id='word_1_53' title='bbox 722 834 842 891; x_wconf 90' lang='lat' dir='ltr'>alio</span> <span class='ocrx_word' id='word_1_54' title='bbox 872 834 1142 890; x_wconf 89' lang='lat' dir='ltr'>audienti</span> <span class='ocrx_word' id='word_1_55' title='bbox 1172 835 1245 891; x_wconf 90' lang='lat' dir='ltr'>de</span> <span class='ocrx_word' id='word_1_56' title='bbox 1275 851 1339 890; x_wconf 89' lang='lat' dir='ltr'>se</span> <span class='ocrx_word' id='word_1_57' title='bbox 1382 835 1515 908; x_wconf 90' lang='lat' dir='ltr'>ipso</span> <span class='ocrx_word' id='word_1_58' title='bbox 1545 839 1819 891; x_wconf 88' lang='lat' dir='ltr'>occurrat</span> <span class='ocrx_word' id='word_1_59' title='bbox 1846 851 1932 890; x_wconf 93' lang='lat' dir='ltr'>re-</span> 
     </span>
     <span class='ocr_line' id='line_1_9' title="bbox 166 912 467 971; baseline 0.007 -3"><span class='ocrx_word' id='word_1_60' title='bbox 166 912 467 971; x_wconf 76' lang='lat' dir='ltr'>formidat.</span> 
     </span>
    </p>

    <p class='ocr_par' dir='ltr' id='par_1_4' title="bbox 93 991 2047 3456">
     <span class='ocr_line' id='line_1_10' title="bbox 242 991 1932 1067; baseline -0.001 -16"><span class='ocrx_word' id='word_1_61' title='bbox 242 997 292 1051; x_wconf 84' lang='lat'>3.</span> <span class='ocrx_word' id='word_1_62' title='bbox 346 994 509 1050; x_wconf 85' lang='lat' dir='ltr'>Vide</span> <span class='ocrx_word' id='word_1_63' title='bbox 540 1010 722 1067; x_wconf 89' lang='lat' dir='ltr'>quam</span> <span class='ocrx_word' id='word_1_64' title='bbox 764 1010 886 1049; x_wconf 91' lang='lat' dir='ltr'>non</span> <span class='ocrx_word' id='word_1_65' title='bbox 925 991 1343 1066; x_wconf 82' lang='lat' dir='ltr'>reformidem;</span> <span class='ocrx_word' id='word_1_66' title='bbox 1388 992 1525 1049; x_wconf 86' lang='lat' dir='ltr'>vide</span> <span class='ocrx_word' id='word_1_67' title='bbox 1556 996 1787 1067; x_wconf 86' lang='lat' dir='ltr'>quanta</span> <span class='ocrx_word' id='word_1_68' title='bbox 1825 991 1932 1049; x_wconf 84' lang='lat' dir='ltr'>lux</span> 
     </span>
     <span class='ocr_line' id='line_1_11' title="bbox 165 1070 2037 1146; baseline 0.002 -20"><span class='ocrx_word' id='word_1_69' title='bbox 165 1070 558 1130; x_wconf 80' lang='lat' dir='ltr'>liberalitatis</span> <span class='ocrx_word' id='word_1_70' title='bbox 598 1079 661 1129; x_wconf 86' lang='lat' dir='ltr'>et</span> <span class='ocrx_word' id='word_1_71' title='bbox 688 1072 1019 1146; x_wconf 82' lang='lat' dir='ltr'>sapientiae</span> <span class='ocrx_word' id='word_1_72' title='bbox 1051 1080 1192 1130; x_wconf 90' lang='lat' dir='ltr'>tuae</span> <span class='ocrx_word' id='word_1_73' title='bbox 1221 1072 1369 1129; x_wconf 90' lang='lat' dir='ltr'>mihi</span> <span class='ocrx_word' id='word_1_74' title='bbox 1414 1073 1575 1146; x_wconf 89' lang='lat' dir='ltr'>apud</span> <span class='ocrx_word' id='word_1_75' title='bbox 1617 1079 1678 1129; x_wconf 92' lang='lat' dir='ltr'>te</span> <span class='ocrx_word' id='word_1_76' title='bbox 1708 1072 1932 1129; x_wconf 88' lang='lat' dir='ltr'>dicenti</span> <span class='ocrx_word' id='word_1_77' title='bbox 1961 1074 2037 1130; x_wconf 93' lang='grc'>10</span> 
     </span>
     <span class='ocr_line' id='line_1_12' title="bbox 166 1152 1932 1227; baseline 0.001 -19"><span class='ocrx_word' id='word_1_78' title='bbox 166 1152 516 1209; x_wconf 87' lang='lat' dir='ltr'>oboriatur:</span> <span class='ocrx_word' id='word_1_79' title='bbox 560 1159 853 1226; x_wconf 87' lang='lat' dir='ltr'>quantum</span> <span class='ocrx_word' id='word_1_80' title='bbox 893 1160 1001 1227; x_wconf 86' lang='lat' dir='ltr'>pot</span> <span class='ocrx_word' id='word_1_81' title='bbox 1039 1170 1105 1210; x_wconf 87' lang='lat' dir='ltr'>ro</span> <span class='ocrx_word' id='word_1_82' title='bbox 1135 1169 1281 1209; x_wconf 87' lang='lat' dir='ltr'>voce</span> <span class='ocrx_word' id='word_1_83' title='bbox 1312 1153 1687 1223; x_wconf 82' lang='lat' dir='ltr'>contendam,</span> <span class='ocrx_word' id='word_1_84' title='bbox 1720 1157 1789 1209; x_wconf 91' lang='lat' dir='ltr'>ut</span> <span class='ocrx_word' id='word_1_85' title='bbox 1818 1152 1932 1209; x_wconf 89' lang='lat' dir='ltr'>boc</span> 
     </span>
     <span class='ocr_line' id='line_1_13' title="bbox 165 1171 1928 1306; baseline -0.001 -18"><span class='ocrx_word' id='word_1_86' title='bbox 165 1233 432 1306; x_wconf 89' lang='lat' dir='ltr'>populus</span> <span class='ocrx_word' id='word_1_87' title='bbox 462 1232 782 1288; x_wconf 87' lang='lat' dir='ltr'>Romanus</span> <span class='ocrx_word' id='word_1_88' title='bbox 810 1171 1125 1289; x_wconf 39' lang='lat' dir='ltr'>exaudiat:</span> <span class='ocrx_word' id='word_1_89' title='bbox 1170 1238 1451 1306; x_wconf 90' lang='lat' dir='ltr'>suscepto</span> <span class='ocrx_word' id='word_1_90' title='bbox 1481 1232 1654 1302; x_wconf 84' lang='lat' dir='ltr'>bello,</span> <span class='ocrx_word' id='word_1_91' title='bbox 1684 1231 1928 1302; x_wconf 80' lang='lat' dir='ltr'>Caesar,</span> 
     </span>
     <span class='ocr_line' id='line_1_14' title="bbox 168 1311 1936 1386; baseline -0.002 -17"><span class='ocrx_word' id='word_1_92' title='bbox 168 1319 344 1384; x_wconf 83' lang='lat' dir='ltr'>gesto</span> <span class='ocrx_word' id='word_1_93' title='bbox 387 1311 572 1368; x_wconf 88' lang='lat' dir='ltr'>etiam</span> <span class='ocrx_word' id='word_1_94' title='bbox 601 1329 677 1368; x_wconf 87' lang='lat' dir='ltr'>ex</span> <span class='ocrx_word' id='word_1_95' title='bbox 717 1317 886 1386; x_wconf 86' lang='lat' dir='ltr'>parte</span> <span class='ocrx_word' id='word_1_96' title='bbox 927 1329 1170 1385; x_wconf 87' lang='lat' dir='ltr'>magna,</span> <span class='ocrx_word' id='word_1_97' title='bbox 1202 1312 1370 1368; x_wconf 88' lang='lat' dir='ltr'>nulla</span> <span class='ocrx_word' id='word_1_98' title='bbox 1404 1312 1462 1368; x_wconf 85' lang='lat' dir='ltr'>vi</span> <span class='ocrx_word' id='word_1_99' title='bbox 1497 1318 1758 1382; x_wconf 75' lang='lat' dir='ltr'>coactae,</span> <span class='ocrx_word' id='word_1_100' title='bbox 1779 1312 1936 1385; x_wconf 85' lang='lat' dir='ltr'>judi-</span> 
     </span>
     <span class='ocr_line' id='line_1_15' title="bbox 169 1391 1932 1465; baseline -0.001 -18"><span class='ocrx_word' id='word_1_101' title='bbox 169 1392 254 1448; x_wconf 92' lang='lat' dir='ltr'>cio</span> <span class='ocrx_word' id='word_1_102' title='bbox 301 1410 374 1448; x_wconf 87' lang='lat' dir='ltr'>ac</span> <span class='ocrx_word' id='word_1_103' title='bbox 418 1391 732 1447; x_wconf 88' lang='lat' dir='ltr'>voluntate</span> <span class='ocrx_word' id='word_1_104' title='bbox 788 1391 865 1447; x_wconf 89' lang='lat' dir='ltr'>ad</span> <span class='ocrx_word' id='word_1_105' title='bbox 907 1409 980 1447; x_wconf 91' lang='lat' dir='ltr'>ea</span> <span class='ocrx_word' id='word_1_106' title='bbox 1022 1409 1189 1448; x_wconf 89' lang='lat' dir='ltr'>arma</span> <span class='ocrx_word' id='word_1_107' title='bbox 1229 1392 1533 1465; x_wconf 87' lang='lat' dir='ltr'>profectus</span> <span class='ocrx_word' id='word_1_108' title='bbox 1583 1408 1736 1461; x_wconf 90' lang='lat' dir='ltr'>sum,</span> <span class='ocrx_word' id='word_1_109' title='bbox 1780 1407 1932 1465; x_wconf 93' lang='lat' dir='ltr'>quae</span> 
     </span>
     <span class='ocr_line' id='line_1_16' title="bbox 169 1470 2039 1545; baseline 0 -18"><span class='ocrx_word' id='word_1_110' title='bbox 169 1476 346 1528; x_wconf 86' lang='lat' dir='ltr'>erant</span> <span class='ocrx_word' id='word_1_111' title='bbox 394 1477 641 1544; x_wconf 89' lang='lat' dir='ltr'>sumpta</span> <span class='ocrx_word' id='word_1_112' title='bbox 689 1476 898 1527; x_wconf 87' lang='lat' dir='ltr'>contra</span> <span class='ocrx_word' id='word_1_113' title='bbox 947 1476 1025 1527; x_wconf 89' lang='lat' dir='ltr'>te.</span> <span class='ocrx_word' id='word_1_114' title='bbox 1111 1470 1298 1544; x_wconf 87' lang='lat' dir='ltr'>Apud</span> <span class='ocrx_word' id='word_1_115' title='bbox 1348 1488 1524 1545; x_wconf 88' lang='lat' dir='ltr'>quem</span> <span class='ocrx_word' id='word_1_116' title='bbox 1575 1471 1765 1544; x_wconf 87' lang='lat' dir='ltr'>igitur</span> <span class='ocrx_word' id='word_1_117' title='bbox 1822 1470 1934 1526; x_wconf 90' lang='lat' dir='ltr'>hoc</span> <span class='ocrx_word' id='word_1_118' title='bbox 1968 1471 2039 1527; x_wconf 85' lang='lat'>15</span> 
     </span>
     <span class='ocr_line' id='line_1_17' title="bbox 93 1548 1932 1625; baseline -0.001 -18"><span class='ocrx_word' id='word_1_119' title='bbox 93 1551 110 1569; x_wconf 80' lang='lat'><strong><em>⁶</em></strong></span> <span class='ocrx_word' id='word_1_120' title='bbox 171 1548 353 1609; x_wconf 80' lang='lat' dir='ltr'>dico?</span> <span class='ocrx_word' id='word_1_121' title='bbox 424 1550 660 1623; x_wconf 90' lang='lat' dir='ltr'>Nempe</span> <span class='ocrx_word' id='word_1_122' title='bbox 691 1550 851 1623; x_wconf 87' lang='lat' dir='ltr'>apud</span> <span class='ocrx_word' id='word_1_123' title='bbox 881 1568 1036 1620; x_wconf 91' lang='lat' dir='ltr'>eum,</span> <span class='ocrx_word' id='word_1_124' title='bbox 1062 1550 1165 1625; x_wconf 93' lang='lat' dir='ltr'>qui</span> <span class='ocrx_word' id='word_1_125' title='bbox 1195 1568 1329 1606; x_wconf 90' lang='lat' dir='ltr'>cum</span> <span class='ocrx_word' id='word_1_126' title='bbox 1362 1550 1474 1607; x_wconf 89' lang='lat' dir='ltr'>hoc</span> <span class='ocrx_word' id='word_1_127' title='bbox 1504 1552 1698 1620; x_wconf 89' lang='lat' dir='ltr'>sciret,</span> <span class='ocrx_word' id='word_1_128' title='bbox 1727 1556 1932 1606; x_wconf 88' lang='lat' dir='ltr'>tamen</span> 
     </span>
     <span class='ocr_line' id='line_1_18' title="bbox 171 1629 1935 1704; baseline -0.001 -18"><span class='ocrx_word' id='word_1_129' title='bbox 171 1647 282 1702; x_wconf 90' lang='lat' dir='ltr'>me,</span> <span class='ocrx_word' id='word_1_130' title='bbox 317 1635 460 1686; x_wconf 88' lang='lat' dir='ltr'>ante</span> <span class='ocrx_word' id='word_1_131' title='bbox 504 1647 685 1704; x_wconf 90' lang='lat' dir='ltr'>quam</span> <span class='ocrx_word' id='word_1_132' title='bbox 717 1630 884 1698; x_wconf 91' lang='lat' dir='ltr'>vidit,</span> <span class='ocrx_word' id='word_1_133' title='bbox 917 1630 1000 1686; x_wconf 90' lang='lat' dir='ltr'>rei</span> <span class='ocrx_word' id='word_1_134' title='bbox 1045 1629 1321 1703; x_wconf 89' lang='lat' dir='ltr'>publicae</span> <span class='ocrx_word' id='word_1_135' title='bbox 1365 1630 1665 1702; x_wconf 82' lang='lat' dir='ltr'>reddidit3</span> <span class='ocrx_word' id='word_1_136' title='bbox 1710 1630 1813 1704; x_wconf 92' lang='lat' dir='ltr'>qui</span> <span class='ocrx_word' id='word_1_137' title='bbox 1859 1629 1935 1685; x_wconf 89' lang='lat' dir='ltr'>ad</span> 
     </span>
     <span class='ocr_line' id='line_1_19' title="bbox 172 1707 1937 1783; baseline -0.001 -18"><span class='ocrx_word' id='word_1_138' title='bbox 172 1727 263 1767; x_wconf 90' lang='lat' dir='ltr'>me</span> <span class='ocrx_word' id='word_1_139' title='bbox 312 1728 390 1767; x_wconf 81' lang='lat' dir='ltr'>ex</span> <span class='ocrx_word' id='word_1_140' title='bbox 431 1710 720 1783; x_wconf 86' lang='lat' dir='ltr'>Aegypto</span> <span class='ocrx_word' id='word_1_141' title='bbox 769 1709 1005 1766; x_wconf 85' lang='lat' dir='ltr'>litteras</span> <span class='ocrx_word' id='word_1_142' title='bbox 1054 1709 1242 1779; x_wconf 88' lang='lat' dir='ltr'>misit,</span> <span class='ocrx_word' id='word_1_143' title='bbox 1287 1714 1354 1765; x_wconf 88' lang='lat' dir='ltr'>ut</span> <span class='ocrx_word' id='word_1_144' title='bbox 1397 1727 1592 1766; x_wconf 89' lang='lat' dir='ltr'>essem</span> <span class='ocrx_word' id='word_1_145' title='bbox 1636 1709 1793 1765; x_wconf 90' lang='lat' dir='ltr'>idem</span> <span class='ocrx_word' id='word_1_146' title='bbox 1833 1707 1937 1782; x_wconf 90' lang='lat' dir='ltr'>qui</span> 
     </span>
     <span class='ocr_line' id='line_1_20' title="bbox 173 1788 1935 1863; baseline -0.001 -18"><span class='ocrx_word' id='word_1_147' title='bbox 173 1789 464 1862; x_wconf 82' lang='lat' dir='ltr'>fuissem3</span> <span class='ocrx_word' id='word_1_148' title='bbox 516 1790 636 1863; x_wconf 92' lang='lat' dir='ltr'>qui,</span> <span class='ocrx_word' id='word_1_149' title='bbox 681 1806 816 1845; x_wconf 90' lang='lat' dir='ltr'>cum</span> <span class='ocrx_word' id='word_1_150' title='bbox 862 1788 992 1863; x_wconf 91' lang='lat' dir='ltr'>ipse</span> <span class='ocrx_word' id='word_1_151' title='bbox 1039 1789 1368 1862; x_wconf 88' lang='lat' dir='ltr'>imperator</span> <span class='ocrx_word' id='word_1_152' title='bbox 1407 1790 1469 1844; x_wconf 89' lang='lat' dir='ltr'>in</span> <span class='ocrx_word' id='word_1_153' title='bbox 1516 1796 1644 1846; x_wconf 90' lang='lat' dir='ltr'>toto</span> <span class='ocrx_word' id='word_1_154' title='bbox 1686 1788 1935 1862; x_wconf 88' lang='lat' dir='ltr'>imperio</span> 
     </span>
     <span class='ocr_line' id='line_1_21' title="bbox 174 1868 2042 1944; baseline 0.001 -19"><span class='ocrx_word' id='word_1_155' title='bbox 174 1869 375 1944; x_wconf 90' lang='lat' dir='ltr'>populi</span> <span class='ocrx_word' id='word_1_156' title='bbox 409 1868 674 1925; x_wconf 85' lang='lat' dir='ltr'>Romani</span> <span class='ocrx_word' id='word_1_157' title='bbox 704 1886 859 1924; x_wconf 89' lang='lat' dir='ltr'>unus</span> <span class='ocrx_word' id='word_1_158' title='bbox 901 1874 1079 1936; x_wconf 89' lang='lat' dir='ltr'>esset,</span> <span class='ocrx_word' id='word_1_159' title='bbox 1112 1886 1247 1925; x_wconf 91' lang='lat' dir='ltr'>esse</span> <span class='ocrx_word' id='word_1_160' title='bbox 1281 1886 1376 1924; x_wconf 90' lang='lat' dir='ltr'>me</span> <span class='ocrx_word' id='word_1_161' title='bbox 1421 1869 1677 1925; x_wconf 89' lang='lat' dir='ltr'>alterum</span> <span class='ocrx_word' id='word_1_162' title='bbox 1717 1885 1936 1942; x_wconf 88' lang='lat' dir='ltr'>passus</span> <span class='ocrx_word' id='word_1_163' title='bbox 1967 1870 2042 1926; x_wconf 83' lang='lat'>20</span> 
     </span>
     <span class='ocr_line' id='line_1_22' title="bbox 174 1947 1937 2022; baseline -0.002 -17"><span class='ocrx_word' id='word_1_164' title='bbox 174 1958 300 2021; x_wconf 82' lang='lat' dir='ltr'>est3</span> <span class='ocrx_word' id='word_1_165' title='bbox 345 1967 382 2005; x_wconf 85' lang='lat' dir='ltr'>a</span> <span class='ocrx_word' id='word_1_166' title='bbox 428 1965 548 2021; x_wconf 89' lang='lat' dir='ltr'>quo</span> <span class='ocrx_word' id='word_1_167' title='bbox 594 1948 704 2005; x_wconf 90' lang='lat' dir='ltr'>hoc</span> <span class='ocrx_word' id='word_1_168' title='bbox 750 1948 882 2022; x_wconf 90' lang='lat' dir='ltr'>ipso</span> <span class='ocrx_word' id='word_1_169' title='bbox 915 1947 980 2005; x_wconf 81' lang='lat' dir='ltr'>O.</span> <span class='ocrx_word' id='word_1_170' title='bbox 1016 1947 1221 2004; x_wconf 90' lang='lat' dir='ltr'>Pansa</span> <span class='ocrx_word' id='word_1_171' title='bbox 1249 1948 1401 2003; x_wconf 91' lang='lat' dir='ltr'>mihi</span> <span class='ocrx_word' id='word_1_172' title='bbox 1453 1947 1610 2004; x_wconf 90' lang='lat' dir='ltr'>hunc</span> <span class='ocrx_word' id='word_1_173' title='bbox 1657 1948 1937 2004; x_wconf 86' lang='lat' dir='ltr'>nuntium</span> 
     </span>
     <span class='ocr_line' id='line_1_23' title="bbox 176 2027 1933 2104; baseline -0.001 -19"><span class='ocrx_word' id='word_1_174' title='bbox 176 2029 511 2104; x_wconf 87' lang='lat' dir='ltr'>perferente</span> <span class='ocrx_word' id='word_1_175' title='bbox 557 2044 875 2084; x_wconf 88' lang='lat' dir='ltr'>concessos</span> <span class='ocrx_word' id='word_1_176' title='bbox 920 2027 1113 2084; x_wconf 86' lang='lat' dir='ltr'>fasces</span> <span class='ocrx_word' id='word_1_177' title='bbox 1162 2027 1465 2085; x_wconf 88' lang='lat' dir='ltr'>laureatos</span> <span class='ocrx_word' id='word_1_178' title='bbox 1506 2028 1691 2100; x_wconf 90' lang='lat' dir='ltr'>tenui,</span> <span class='ocrx_word' id='word_1_179' title='bbox 1735 2027 1933 2101; x_wconf 88' lang='lat' dir='ltr'>quoad</span> 
     </span>
     <span class='ocr_line' id='line_1_24' title="bbox 176 2105 1938 2182; baseline -0.002 -17"><span class='ocrx_word' id='word_1_180' title='bbox 176 2108 473 2165; x_wconf 89' lang='lat' dir='ltr'>tenendos</span> <span class='ocrx_word' id='word_1_181' title='bbox 514 2107 727 2181; x_wconf 83' lang='lat' dir='ltr'>putavi</span> <span class='ocrx_word' id='word_1_182' title='bbox 752 2127 766 2179; x_wconf 93' lang='lat'>;</span> <span class='ocrx_word' id='word_1_183' title='bbox 810 2105 913 2181; x_wconf 89' lang='lat' dir='ltr'>qui</span> <span class='ocrx_word' id='word_1_184' title='bbox 942 2106 1092 2162; x_wconf 90' lang='lat' dir='ltr'>mihi</span> <span class='ocrx_word' id='word_1_185' title='bbox 1123 2112 1254 2162; x_wconf 90' lang='lat' dir='ltr'>tum</span> <span class='ocrx_word' id='word_1_186' title='bbox 1284 2107 1540 2182; x_wconf 89' lang='lat' dir='ltr'>denique</span> <span class='ocrx_word' id='word_1_187' title='bbox 1583 2125 1647 2163; x_wconf 88' lang='lat' dir='ltr'>se</span> <span class='ocrx_word' id='word_1_188' title='bbox 1678 2108 1938 2163; x_wconf 87' lang='lat' dir='ltr'>salutem</span> 
     </span>
     <span class='ocr_line' id='line_1_25' title="bbox 179 2186 1938 2263; baseline -0.002 -18"><span class='ocrx_word' id='word_1_189' title='bbox 179 2188 421 2263; x_wconf 87' lang='lat' dir='ltr'>putavit</span> <span class='ocrx_word' id='word_1_190' title='bbox 448 2186 714 2256; x_wconf 87' lang='lat' dir='ltr'>reddere,</span> <span class='ocrx_word' id='word_1_191' title='bbox 747 2187 799 2242; x_wconf 90' lang='lat' dir='ltr'>si</span> <span class='ocrx_word' id='word_1_192' title='bbox 827 2204 961 2242; x_wconf 91' lang='lat' dir='ltr'>eam</span> <span class='ocrx_word' id='word_1_193' title='bbox 992 2187 1177 2242; x_wconf 89' lang='lat' dir='ltr'>nullis</span> <span class='ocrx_word' id='word_1_194' title='bbox 1214 2186 1535 2260; x_wconf 83' lang='lat' dir='ltr'>spoliatam</span> <span class='ocrx_word' id='word_1_195' title='bbox 1566 2186 1938 2242; x_wconf 84' lang='lat' dir='ltr'>ornamentis</span> 
     </span>
     <span class='ocr_line' id='line_1_26' title="bbox 181 2265 2043 2340; baseline -0.001 -16"><span class='ocrx_word' id='word_1_196' title='bbox 181 2268 461 2324; x_wconf 86' lang='lat' dir='ltr'>dedisset.</span> <span class='ocrx_word' id='word_1_197' title='bbox 549 2266 724 2335; x_wconf 89' lang='lat' dir='ltr'>Vide,</span> <span class='ocrx_word' id='word_1_198' title='bbox 779 2283 1020 2339; x_wconf 81' lang='lat' dir='ltr'>quaeSO,</span> <span class='ocrx_word' id='word_1_199' title='bbox 1075 2266 1332 2335; x_wconf 83' lang='lat' dir='ltr'>TuberO,</span> <span class='ocrx_word' id='word_1_200' title='bbox 1385 2272 1467 2334; x_wconf 89' lang='lat' dir='ltr'>ut,</span> <span class='ocrx_word' id='word_1_201' title='bbox 1514 2265 1615 2340; x_wconf 90' lang='lat' dir='ltr'>qui</span> <span class='ocrx_word' id='word_1_202' title='bbox 1673 2267 1747 2323; x_wconf 92' lang='lat' dir='ltr'>de</span> <span class='ocrx_word' id='word_1_203' title='bbox 1804 2282 1937 2321; x_wconf 88' lang='lat' dir='ltr'>meo</span> <span class='ocrx_word' id='word_1_204' title='bbox 1969 2266 2043 2323; x_wconf 80' lang='lat'>25</span> 
     </span>
     <span class='ocr_line' id='line_1_27' title="bbox 182 2345 1936 2419; baseline -0.002 -14"><span class='ocrx_word' id='word_1_205' title='bbox 182 2347 333 2405; x_wconf 84' lang='lat' dir='ltr'>facto</span> <span class='ocrx_word' id='word_1_206' title='bbox 366 2364 487 2403; x_wconf 91' lang='lat' dir='ltr'>non</span> <span class='ocrx_word' id='word_1_207' title='bbox 516 2345 808 2413; x_wconf 89' lang='lat' dir='ltr'>dubitem,</span> <span class='ocrx_word' id='word_1_208' title='bbox 840 2346 914 2402; x_wconf 89' lang='lat' dir='ltr'>de</span> <span class='ocrx_word' id='word_1_209' title='bbox 947 2346 1184 2419; x_wconf 84' lang='lat' dir='ltr'>Ligarii</span> <span class='ocrx_word' id='word_1_210' title='bbox 1215 2363 1334 2402; x_wconf 90' lang='lat' dir='ltr'>non</span> <span class='ocrx_word' id='word_1_211' title='bbox 1367 2346 1621 2401; x_wconf 86' lang='lat' dir='ltr'>audeam</span> <span class='ocrx_word' id='word_1_212' title='bbox 1652 2345 1936 2402; x_wconf 87' lang='lat' dir='ltr'>confiteri.</span> 
     </span>
     <span class='ocr_line' id='line_1_28' title="bbox 183 2425 1936 2502; baseline -0.001 -19"><span class='ocrx_word' id='word_1_213' title='bbox 183 2429 385 2502; x_wconf 89' lang='lat' dir='ltr'>Atque</span> <span class='ocrx_word' id='word_1_214' title='bbox 430 2425 579 2482; x_wconf 87' lang='lat' dir='ltr'>haec</span> <span class='ocrx_word' id='word_1_215' title='bbox 620 2431 936 2499; x_wconf 86' lang='lat' dir='ltr'>propterea</span> <span class='ocrx_word' id='word_1_216' title='bbox 964 2426 1036 2481; x_wconf 92' lang='lat' dir='ltr'>de</span> <span class='ocrx_word' id='word_1_217' title='bbox 1082 2443 1177 2481; x_wconf 93' lang='lat' dir='ltr'>me</span> <span class='ocrx_word' id='word_1_218' title='bbox 1208 2426 1350 2494; x_wconf 84' lang='lat' dir='ltr'>dixi,</span> <span class='ocrx_word' id='word_1_219' title='bbox 1384 2432 1452 2481; x_wconf 92' lang='lat' dir='ltr'>ut</span> <span class='ocrx_word' id='word_1_220' title='bbox 1496 2425 1645 2480; x_wconf 91' lang='lat' dir='ltr'>mihi</span> <span class='ocrx_word' id='word_1_221' title='bbox 1682 2425 1936 2493; x_wconf 84' lang='lat' dir='ltr'>TuberO,</span> 
     </span>
     <span class='ocr_line' id='line_1_29' title="bbox 184 2504 1939 2578; baseline -0.001 -16"><span class='ocrx_word' id='word_1_222' title='bbox 184 2524 311 2562; x_wconf 89' lang='lat' dir='ltr'>cum</span> <span class='ocrx_word' id='word_1_223' title='bbox 361 2506 435 2563; x_wconf 93' lang='lat' dir='ltr'>de</span> <span class='ocrx_word' id='word_1_224' title='bbox 482 2522 545 2561; x_wconf 92' lang='lat' dir='ltr'>se</span> <span class='ocrx_word' id='word_1_225' title='bbox 590 2505 798 2561; x_wconf 88' lang='lat' dir='ltr'>eadem</span> <span class='ocrx_word' id='word_1_226' title='bbox 845 2504 1119 2574; x_wconf 89' lang='lat' dir='ltr'>dicerem,</span> <span class='ocrx_word' id='word_1_227' title='bbox 1170 2505 1547 2578; x_wconf 82' lang='lat' dir='ltr'>ignosceret3</span> <span class='ocrx_word' id='word_1_228' title='bbox 1607 2507 1774 2578; x_wconf 87' lang='lat' dir='ltr'>cujus</span> <span class='ocrx_word' id='word_1_229' title='bbox 1824 2522 1939 2578; x_wconf 83' lang='lat' dir='ltr'>ego</span> 
     </span>
     <span class='ocr_line' id='line_1_30' title="bbox 184 2583 1938 2659; baseline -0.002 -17"><span class='ocrx_word' id='word_1_230' title='bbox 184 2585 515 2642; x_wconf 88' lang='lat' dir='ltr'>industriae</span> <span class='ocrx_word' id='word_1_231' title='bbox 546 2583 891 2658; x_wconf 83' lang='lat' dir='ltr'>gloriaeque</span> <span class='ocrx_word' id='word_1_232' title='bbox 924 2584 1098 2640; x_wconf 85' lang='lat' dir='ltr'>faveo</span> <span class='ocrx_word' id='word_1_233' title='bbox 1131 2585 1226 2640; x_wconf 87' lang='lat' dir='ltr'>vel</span> <span class='ocrx_word' id='word_1_234' title='bbox 1269 2591 1510 2659; x_wconf 90' lang='lat' dir='ltr'>propter</span> <span class='ocrx_word' id='word_1_235' title='bbox 1542 2585 1938 2659; x_wconf 90' lang='lat' dir='ltr'>propinquam</span> 
     </span>
     <span class='ocr_line' id='line_1_31' title="bbox 185 2664 2047 2739; baseline 0.001 -17"><span class='ocrx_word' id='word_1_236' title='bbox 185 2665 625 2739; x_wconf 85' lang='lat' dir='ltr'>cognationem,</span> <span class='ocrx_word' id='word_1_237' title='bbox 664 2664 759 2719; x_wconf 85' lang='lat' dir='ltr'>vel</span> <span class='ocrx_word' id='word_1_238' title='bbox 803 2664 961 2737; x_wconf 89' lang='lat' dir='ltr'>quod</span> <span class='ocrx_word' id='word_1_239' title='bbox 1005 2665 1131 2737; x_wconf 87' lang='lat' dir='ltr'>ejus</span> <span class='ocrx_word' id='word_1_240' title='bbox 1176 2664 1419 2738; x_wconf 81' lang='lat' dir='ltr'>ingenio</span> <span class='ocrx_word' id='word_1_241' title='bbox 1467 2664 1803 2738; x_wconf 90' lang='lat' dir='ltr'>studiisque</span> <span class='ocrx_word' id='word_1_242' title='bbox 1847 2664 1944 2719; x_wconf 88' lang='lat' dir='ltr'>de·</span> <span class='ocrx_word' id='word_1_243' title='bbox 1972 2668 2047 2724; x_wconf 85' lang='lat'>30</span> 
     </span>
     <span class='ocr_line' id='line_1_32' title="bbox 184 2742 1941 2818; baseline -0.002 -16"><span class='ocrx_word' id='word_1_244' title='bbox 184 2745 380 2813; x_wconf 90' lang='lat' dir='ltr'>lector,</span> <span class='ocrx_word' id='word_1_245' title='bbox 414 2744 512 2800; x_wconf 90' lang='lat' dir='ltr'>vel</span> <span class='ocrx_word' id='word_1_246' title='bbox 557 2742 718 2817; x_wconf 90' lang='lat' dir='ltr'>quod</span> <span class='ocrx_word' id='word_1_247' title='bbox 760 2743 1002 2799; x_wconf 88' lang='lat' dir='ltr'>laudem</span> <span class='ocrx_word' id='word_1_248' title='bbox 1046 2744 1445 2799; x_wconf 88' lang='lat' dir='ltr'>adolescentis</span> <span class='ocrx_word' id='word_1_249' title='bbox 1487 2744 1803 2818; x_wconf 86' lang='lat' dir='ltr'>propinqui</span> <span class='ocrx_word' id='word_1_250' title='bbox 1847 2762 1941 2799; x_wconf 84' lang='lat' dir='ltr'>ex-</span> 
     </span>
     <span class='ocr_line' id='line_1_33' title="bbox 186 2823 1935 2896; baseline 0 -17"><span class='ocrx_word' id='word_1_251' title='bbox 186 2825 381 2882; x_wconf 86' lang='lat' dir='ltr'>istimo</span> <span class='ocrx_word' id='word_1_252' title='bbox 413 2825 598 2880; x_wconf 90' lang='lat' dir='ltr'>etiam</span> <span class='ocrx_word' id='word_1_253' title='bbox 643 2823 720 2878; x_wconf 89' lang='lat' dir='ltr'>ad</span> <span class='ocrx_word' id='word_1_254' title='bbox 758 2840 959 2878; x_wconf 86' lang='lat' dir='ltr'>meum</span> <span class='ocrx_word' id='word_1_255' title='bbox 989 2823 1251 2896; x_wconf 88' lang='lat' dir='ltr'>aliquem</span> <span class='ocrx_word' id='word_1_256' title='bbox 1282 2823 1541 2879; x_wconf 87' lang='lat' dir='ltr'>fructum</span> <span class='ocrx_word' id='word_1_257' title='bbox 1585 2823 1935 2879; x_wconf 89' lang='lat' dir='ltr'>redundare.</span> 
     </span>
     <span class='ocr_line' id='line_1_34' title="bbox 190 2903 1941 2977; baseline -0.003 -16"><span class='ocrx_word' id='word_1_258' title='bbox 190 2903 300 2961; x_wconf 83' lang='lat' dir='ltr'>Sed</span> <span class='ocrx_word' id='word_1_259' title='bbox 351 2903 464 2959; x_wconf 89' lang='lat' dir='ltr'>boc</span> <span class='ocrx_word' id='word_1_260' title='bbox 493 2920 753 2977; x_wconf 86' lang='lat' dir='ltr'>quaero:</span> <span class='ocrx_word' id='word_1_261' title='bbox 798 2903 936 2977; x_wconf 88' lang='lat' dir='ltr'>quis</span> <span class='ocrx_word' id='word_1_262' title='bbox 982 2909 1161 2975; x_wconf 88' lang='lat' dir='ltr'>putat</span> <span class='ocrx_word' id='word_1_263' title='bbox 1204 2919 1334 2958; x_wconf 91' lang='lat' dir='ltr'>esse</span> <span class='ocrx_word' id='word_1_264' title='bbox 1380 2903 1600 2958; x_wconf 86' lang='lat' dir='ltr'>crimen</span> <span class='ocrx_word' id='word_1_265' title='bbox 1646 2903 1831 2959; x_wconf 85' lang='lat' dir='ltr'>fuisse</span> <span class='ocrx_word' id='word_1_266' title='bbox 1880 2903 1941 2957; x_wconf 91' lang='lat' dir='ltr'>in</span> 
     </span>
     <span class='ocr_line' id='line_1_35' title="bbox 186 2981 1940 3056; baseline -0.002 -17"><span class='ocrx_word' id='word_1_267' title='bbox 186 2981 436 3039; x_wconf 83' lang='lat' dir='ltr'>Africa?</span> <span class='ocrx_word' id='word_1_268' title='bbox 495 2982 730 3056; x_wconf 82' lang='lat' dir='ltr'>Nempe</span> <span class='ocrx_word' id='word_1_269' title='bbox 761 2982 830 3051; x_wconf 90' lang='lat' dir='ltr'>is,</span> <span class='ocrx_word' id='word_1_270' title='bbox 861 2982 964 3055; x_wconf 90' lang='lat' dir='ltr'>qui</span> <span class='ocrx_word' id='word_1_271' title='bbox 994 2991 1054 3038; x_wconf 91' lang='lat' dir='ltr'>et</span> <span class='ocrx_word' id='word_1_272' title='bbox 1082 2982 1208 3056; x_wconf 87' lang='lat' dir='ltr'>ipse</span> <span class='ocrx_word' id='word_1_273' title='bbox 1239 2982 1298 3037; x_wconf 88' lang='lat' dir='ltr'>in</span> <span class='ocrx_word' id='word_1_274' title='bbox 1329 2982 1536 3037; x_wconf 86' lang='lat' dir='ltr'>eadem</span> <span class='ocrx_word' id='word_1_275' title='bbox 1572 2982 1780 3038; x_wconf 84' lang='lat' dir='ltr'>Africa</span> <span class='ocrx_word' id='word_1_276' title='bbox 1809 3000 1940 3037; x_wconf 88' lang='lat' dir='ltr'>esse</span> 
     </span>
     <span class='ocr_line' id='line_1_36' title="bbox 187 3060 2046 3136; baseline -0.001 -17"><span class='ocrx_word' id='word_1_277' title='bbox 187 3064 376 3119; x_wconf 91' lang='lat' dir='ltr'>voluit</span> <span class='ocrx_word' id='word_1_278' title='bbox 403 3068 466 3118; x_wconf 91' lang='lat' dir='ltr'>et</span> <span class='ocrx_word' id='word_1_279' title='bbox 506 3061 883 3136; x_wconf 87' lang='lat' dir='ltr'>prohibitum</span> <span class='ocrx_word' id='word_1_280' title='bbox 928 3079 991 3117; x_wconf 92' lang='lat' dir='ltr'>se</span> <span class='ocrx_word' id='word_1_281' title='bbox 1036 3080 1071 3117; x_wconf 86' lang='lat' dir='ltr'>a</span> <span class='ocrx_word' id='word_1_282' title='bbox 1104 3062 1353 3135; x_wconf 83' lang='lat' dir='ltr'>Ligario</span> <span class='ocrx_word' id='word_1_283' title='bbox 1395 3061 1666 3134; x_wconf 89' lang='lat' dir='ltr'>queritur</span> <span class='ocrx_word' id='word_1_284' title='bbox 1694 3068 1755 3117; x_wconf 90' lang='lat' dir='ltr'>et</span> <span class='ocrx_word' id='word_1_285' title='bbox 1784 3069 1940 3116; x_wconf 86' lang='lat' dir='ltr'>certe</span> <span class='ocrx_word' id='word_1_286' title='bbox 1972 3060 2046 3117; x_wconf 86' lang='lat'>35</span> 
     </span>
     <span class='ocr_line' id='line_1_37' title="bbox 185 3140 1938 3215; baseline -0.003 -15"><span class='ocrx_word' id='word_1_287' title='bbox 185 3149 390 3199; x_wconf 85' lang='lat' dir='ltr'>contra</span> <span class='ocrx_word' id='word_1_288' title='bbox 446 3141 650 3215; x_wconf 89' lang='lat' dir='ltr'>ipsum</span> <span class='ocrx_word' id='word_1_289' title='bbox 711 3140 1031 3198; x_wconf 85' lang='lat' dir='ltr'>Caesarem</span> <span class='ocrx_word' id='word_1_290' title='bbox 1091 3148 1186 3196; x_wconf 91' lang='lat' dir='ltr'>est</span> <span class='ocrx_word' id='word_1_291' title='bbox 1232 3158 1594 3213; x_wconf 83' lang='lat' dir='ltr'>congressus</span> <span class='ocrx_word' id='word_1_292' title='bbox 1654 3147 1938 3195; x_wconf 88' lang='lat' dir='ltr'>armatus.</span> 
     </span>
     <span class='ocr_line' id='line_1_38' title="bbox 187 3217 1943 3294; baseline -0.004 -15"><span class='ocrx_word' id='word_1_293' title='bbox 187 3222 343 3294; x_wconf 78' lang='lat' dir='ltr'>Quid</span> <span class='ocrx_word' id='word_1_294' title='bbox 401 3222 565 3278; x_wconf 91' lang='lat' dir='ltr'>enim</span> <span class='ocrx_word' id='word_1_295' title='bbox 622 3226 767 3276; x_wconf 90' lang='lat' dir='ltr'>tuus</span> <span class='ocrx_word' id='word_1_296' title='bbox 824 3220 940 3288; x_wconf 92' lang='lat' dir='ltr'>ille,</span> <span class='ocrx_word' id='word_1_297' title='bbox 1001 3220 1259 3289; x_wconf 86' lang='lat' dir='ltr'>Tubero,</span> <span class='ocrx_word' id='word_1_298' title='bbox 1318 3220 1643 3275; x_wconf 86' lang='lat' dir='ltr'>destrictus</span> <span class='ocrx_word' id='word_1_299' title='bbox 1697 3219 1756 3272; x_wconf 91' lang='lat' dir='ltr'>in</span> <span class='ocrx_word' id='word_1_300' title='bbox 1817 3217 1943 3272; x_wconf 88' lang='lat' dir='ltr'>acie</span> 
     </span>
     <span class='ocr_line' id='line_1_39' title="bbox 187 3296 1942 3374; baseline -0.006 -16"><span class='ocrx_word' id='word_1_301' title='bbox 187 3300 538 3358; x_wconf 86' lang='lat' dir='ltr'>Pharsalica</span> <span class='ocrx_word' id='word_1_302' title='bbox 568 3299 810 3374; x_wconf 83' lang='lat' dir='ltr'>gladius</span> <span class='ocrx_word' id='word_1_303' title='bbox 842 3298 1102 3373; x_wconf 80' lang='lat' dir='ltr'>agebat?</span> <span class='ocrx_word' id='word_1_304' title='bbox 1186 3299 1375 3370; x_wconf 85' lang='lat' dir='ltr'>Cujus</span> <span class='ocrx_word' id='word_1_305' title='bbox 1418 3298 1579 3351; x_wconf 89' lang='lat' dir='ltr'>latus</span> <span class='ocrx_word' id='word_1_306' title='bbox 1610 3296 1708 3349; x_wconf 86' lang='lat' dir='ltr'>ille</span> <span class='ocrx_word' id='word_1_307' title='bbox 1739 3311 1942 3348; x_wconf 90' lang='lat' dir='ltr'>mucro</span> 
     </span>
     <span class='ocr_line' id='line_1_40' title="bbox 183 3371 1940 3456; baseline -0.009 -17"><span class='ocrx_word' id='word_1_308' title='bbox 183 3379 470 3456; x_wconf 79' lang='lat' dir='ltr'>petebat?</span> <span class='ocrx_word' id='word_1_309' title='bbox 548 3380 666 3453; x_wconf 82' lang='lat' dir='ltr'>Qui</span> <span class='ocrx_word' id='word_1_310' title='bbox 696 3396 912 3436; x_wconf 86' lang='lat' dir='ltr'>sensus</span> <span class='ocrx_word' id='word_1_311' title='bbox 940 3386 1070 3435; x_wconf 88' lang='lat' dir='ltr'>erat</span> <span class='ocrx_word' id='word_1_312' title='bbox 1100 3393 1403 3434; x_wconf 90' lang='lat' dir='ltr'>armorum</span> <span class='ocrx_word' id='word_1_313' title='bbox 1428 3371 1710 3429; x_wconf 82' lang='lat' dir='ltr'>tuorum?</span> <span class='ocrx_word' id='word_1_314' title='bbox 1770 3373 1940 3441; x_wconf 72' lang='lat' dir='ltr'>Quae</span> 
     </span>
    </p>
   </div>
  </div>
 </body>
</html>
