2284 3717
676 790 772 862 M.
821 791 1137 863 TULLII
1194 792 1691 864 (accacius

464 996 665 1089 PRO
720 998 826 1090 M.
880 999 1430 1092 MARCELLO
1488 1001 1906 1093 ORATIO.

441 1373 491 1428 1.
538 1371 877 1430 ΒΙὈΤΠΒΝῙ
918 1373 1166 1444 silentii,
1194 1379 1400 1449 patres
1427 1372 1769 1448 conscripti,
1802 1391 1926 1447 quo
1955 1391 2112 1431 eram

358 1448 455 1507 his
484 1453 855 1527 temporibus
897 1469 1060 1523 usuS,
1093 1471 1216 1509 non
1244 1453 1458 1510 timore
1502 1452 1720 1527 aliquo,
1755 1452 1864 1509 sed
1894 1455 2112 1527 partim

358 1530 579 1600 dolore,
604 1533 827 1605 partim
852 1533 1214 1589 verecundia
1242 1532 1416 1589 finem
1448 1532 1772 1589 hodiernus
1802 1532 1936 1588 dies
1966 1538 2114 1590 attu-

356 1609 444 1679 lit,
475 1611 754 1686 idemque
796 1612 1039 1668 initium
1080 1630 1234 1686 quae
1267 1612 1481 1668 vellem
1511 1629 1782 1685 quaeque
1828 1613 2113 1669 sentirem

196 1695 201 1700 ’
290 1690 326 1747 5
357 1706 490 1745 meo
535 1692 789 1765 pristino
833 1708 995 1747 more
1031 1691 1299 1749 dicendi:
1349 1697 1585 1747 tantam
1630 1690 1791 1746 enim
1840 1709 2113 1748 mansue-

359 1769 647 1840 tudinem,
676 1777 799 1827 tam
833 1770 1187 1826 inusitatam
1222 1771 1675 1844 inauditamque
1705 1770 2109 1840 clementiam,

356 1852 595 1905 tantum
626 1850 686 1906 in
718 1865 952 1906 summa
978 1856 1281 1924 potestate
1311 1867 1507 1906 reruni
1538 1848 1807 1904 omnium
1842 1850 2109 1919 modum,

356 1931 481 1984 tam
531 1929 786 2003 denique
831 1929 1241 1986 incredibilem
1290 1929 1646 2004 sapientiam
1690 1946 1758 1984 ac
1801 1945 1999 2002 paene
2035 1930 2114 1985 di-

356 2007 560 2063 vinam
604 2009 826 2065 tacitus
867 2008 1189 2081 praeterire
1236 2008 1401 2065 nullo
1447 2008 1625 2064 modo
1669 2024 1939 2082 possum.
2028 2008 2108 2065 M.

253 2085 325 2141 10
353 2086 513 2142 enim
545 2086 831 2145 Marcello
861 2088 1050 2157 vobiS‚
1080 2095 1285 2162 patres
1324 2087 1660 2162 conscripti,
1685 2086 1893 2161 reique
1923 2088 2114 2162 publi-

353 2182 458 2221 cae
487 2167 740 2236 redditO,
762 2185 880 2224 non
904 2167 1067 2223 illius
1096 2168 1309 2236 solum,
1333 2167 1436 2224 sed
1460 2168 1644 2223 etiam
1675 2183 1873 2222 meam
1898 2184 2112 2225 vocem

355 2251 418 2302 et
448 2247 868 2303 auctoritatem
897 2252 959 2303 et
981 2247 1157 2303 vobis
1186 2254 1247 2303 et
1268 2248 1352 2303 rei
1382 2246 1654 2321 publicae
1684 2253 2111 2304 conservatam

353 2342 422 2382 ac
446 2325 790 2382 restitut-am
813 2331 976 2400 puto,
1026 2326 1320 2382 Dolebam
1340 2327 1517 2395 enim,
1533 2331 1738 2399 patres
1762 2325 2109 2399 conscripti,

353 2410 415 2459 et
445 2405 830 2462 vehementer
867 2406 1131 2479 angebar
1161 2407 1358 2461 virum
1392 2405 1591 2472 talem,
1624 2421 1758 2460 cum
1802 2404 1866 2459 in
1897 2406 2111 2462 eadem

252 2480 321 2538 15
353 2500 548 2552 causa,
576 2485 637 2540 in
667 2503 788 2558 qua
817 2503 946 2558 ego,
969 2485 1200 2552 suisset,
1225 2503 1342 2540 non
1370 2484 1432 2540 in
1454 2485 1663 2540 eadem
1687 2500 1822 2539 esse
1845 2483 2109 2552 fortuna,

352 2579 462 2619 nec
493 2564 639 2620 mihi
666 2564 1027 2639 persuadere
1062 2573 1336 2637 poteram
1378 2581 1486 2620 nec
1516 2563 1608 2620 fas
1649 2580 1783 2619 esse
1813 2563 2111 2620 ducebam

350 2644 578 2698 versari
625 2662 718 2700 me
763 2644 826 2699 in
872 2650 1079 2700 nostro
1123 2650 1325 2700 vetere
1370 2643 1676 2711 curriculo,
1717 2642 1822 2698 illo
1866 2643 2110 2700 aemulo

351 2727 531 2796 atque
597 2723 898 2779 imitatore
966 2721 1304 2779 studiorum
1372 2740 1439 2778 ac
1503 2722 1774 2778 laborum
1834 2738 2111 2778 meorum

351 2801 522 2874 quasi
555 2803 815 2875 quodam
847 2802 1009 2857 socio
1040 2820 1075 2857 a
1105 2820 1200 2857 me
1234 2808 1296 2858 et
1324 2802 1539 2858 comite
1569 2801 1876 2857 distracto.
1939 2801 2110 2874 Ergo

246 2878 319 2933 20
349 2888 409 2935 et
465 2880 614 2936 mihi
671 2898 838 2937 meae
897 2881 1191 2955 pristinae
1248 2881 1410 2936 vitae
1466 2880 1987 2950 consuetudinem,
2042 2879 2108 2936 O.

353 2957 594 3027 Caesar,
641 2960 1025 3031 interclusam
1086 2960 1378 3033 aperuisti
1435 2964 1497 3015 et
1553 2959 1645 3015 his
1688 2960 1973 3015 omnibus
2033 2956 2110 3015 ad

351 3037 502 3093 bene
531 3039 603 3093 de
648 3040 806 3094 omni
848 3057 910 3094 re
949 3040 1190 3112 publica
1234 3040 1596 3112 sperandum
1638 3039 1812 3112 quasi
1857 3038 2108 3109 signum

350 3116 590 3188 aliquod
631 3118 949 3172 sustulisti.
1035 3117 1416 3173 Intellectum
1461 3124 1554 3173 est
1595 3118 1751 3173 enim
1797 3118 1947 3174 mihi
1982 3116 2112 3192 qui·

349 3192 485 3246 dem
514 3193 576 3247 in
606 3194 814 3248 multis
837 3200 897 3248 et
927 3196 1187 3249 maxime
1217 3197 1279 3250 in
1309 3214 1403 3251 me
1433 3197 1582 3269 ipsc,
1611 3197 1715 3252 sed
1745 3197 1928 3271 paulo
1959 3206 2107 3253 ante

247 3262 319 3318 25
352 3269 644 3337 omnibus,
671 3285 805 3324 cum
835 3270 918 3324 M.
946 3272 1300 3328 Marcellum
1332 3275 1568 3330 senatui
1591 3275 2106 3398 Γθὶᾳωέὃρυὶῆίοαθ

2237 2559 2245 2826 l
