2284 3717
231 88 316 152 30
755 104 829 152 M.
863 104 1123 153 ‘runnu
1171 105 1571 154 CICERONIS

336 260 566 318 confido
598 259 941 336 impendere
966 261 1162 318 fatum
1187 262 1430 337 aliquod
1460 268 1522 320 et
1550 281 1805 337 poenam
1827 266 1957 337 jam
1990 265 2100 323 diu

334 340 724 415 improbitati,
767 341 1082 416 nequitiae,
1132 342 1358 413 sceleri,
1402 343 1634 399 libidini
1681 342 1946 400 debitam
1992 352 2101 403 aut

334 419 560 476 instare
596 422 720 493 jam
755 421 927 493 plane
960 429 1067 478 aut
1095 432 1254 478 certe
1297 423 1812 497 appropinquare3
1857 431 2014 497 quos
2046 424 2098 481 si

337 516 507 556 meus
540 500 907 569 consulatus,
934 502 1218 575 quoniam
1244 518 1457 558 sanare
1499 520 1615 558 non
1645 508 1862 577 potest,
1896 512 2099 561 sustu·

268 580 303 637 5
334 578 487 649 lerit,
520 597 639 636 non
671 580 849 636 breve
885 581 1087 637 nescio
1117 581 1276 655 quod
1310 592 1564 654 tempuS,
1597 582 1701 638 sed
1745 581 1941 638 multa
1970 600 2099 640 sae-

336 659 471 716 cula
512 660 866 734 propagarit
911 661 994 716 rei
1042 661 1351 734 publicae:
1396 661 1562 716 nulla
1598 669 1694 717 est
1722 662 1882 717 enim
1927 663 2096 719 natio

335 757 513 812 quam
549 740 1056 812 pertimescamus,
1091 740 1293 795 nullus
1325 758 1431 797 rex
1458 740 1557 815 qui
1600 741 1820 796 bellum
1866 742 2096 816 populo

337 817 617 874 Romano
665 819 858 875 facere
903 820 1129 893 possit;
1187 820 1390 875 omnia
1437 828 1580 876 sunt
1620 830 1871 876 externa
1913 822 2096 878 unius

335 898 561 954 virtute
604 905 764 954 terra
806 898 1074 973 marique
1116 907 1366 972 pacata:
1425 899 1821 956 domesticum
1864 899 2095 957 bellum

233 977 305 1033 10
337 975 559 1045 manet,
587 977 752 1033 intus
782 978 1037 1034 insidiae
1061 985 1220 1047 sunt,
1242 978 1406 1034 intus
1431 979 1727 1035 inclusum
1756 980 2096 1053 periculum

333 1062 444 1126 est,
471 1057 636 1114 intus
665 1065 760 1112 est
791 1056 981 1114 hostis
1010 1078 1023 1130 ;
1068 1075 1206 1114 cum
1238 1058 1477 1114 luxuria
1506 1058 1698 1127 nobis,
1726 1076 1859 1114 cum
1894 1077 2098 1116 amen—

333 1137 434 1204 tia,
467 1154 603 1193 cum
634 1136 852 1193 scelere
882 1137 1236 1193 certandum
1268 1144 1377 1194 est.
1465 1137 1625 1194 Huic
1655 1155 1768 1212 ego
1806 1156 1902 1194 me
1935 1138 2095 1195 bello

336 1215 547 1272 ducem
594 1216 887 1290 profiteor,
933 1217 1238 1290 Quirites3
1291 1216 1553 1291 suscipio
1598 1217 1946 1275 inimicitias
1993 1217 2099 1275 ho-

335 1297 563 1352 minum
595 1297 1004 1370 perditorum;
1049 1314 1202 1371 quae
1246 1297 1444 1352 sanari
1474 1303 1775 1371 poterunt,
1812 1315 2099 1371 quacum-

232 1377 304 1433 15
336 1393 450 1449 que
507 1377 740 1431 ratione
799 1376 1063 1449 sanab03
1129 1393 1282 1450 quae
1340 1376 1667 1433 resecanda
1722 1384 1915 1446 erunt,
1972 1387 2097 1434 no'n

334 1455 531 1529 patiar
562 1456 638 1512 ad
681 1456 1001 1530 perniciem
1035 1455 1306 1512 civitatis
1349 1473 1606 1513 manere.
1696 1456 1957 1512 Proinde
1990 1462 2099 1514 aut

335 1541 553 1591 exeant
597 1542 701 1591 aut
731 1536 1043 1609 quiescant
1073 1543 1195 1604 aut,
1228 1535 1278 1591 si
1318 1542 1379 1592 et
1419 1535 1478 1591 in
1510 1535 1652 1592 urbe
1682 1542 1744 1591 et
1784 1536 1846 1591 in
1877 1537 2097 1592 eadem

336 1623 537 1671 mente
567 1623 937 1689 permanent,
971 1632 1043 1671 ea
1072 1633 1225 1690 quae
1256 1622 1560 1671 merentur
1587 1620 1953 1689 exspectent.

417 1697 465 1751 6.
515 1695 604 1751 At
650 1695 834 1750 etiam
883 1701 1026 1750 sun't
1071 1695 1172 1769 qui
1217 1693 1436 1763 dicant,
1484 1694 1764 1766 QuiritcS,
1812 1712 1847 1750 a
1889 1713 1985 1751 me
2030 1693 2097 1750 in

231 1775 304 1831 20
334 1774 615 1829 exsilium
645 1775 897 1847 ejectum
927 1792 1059 1830 esse
1088 1772 1448 1831 Catilinam:
1494 1775 1653 1849 quod
1683 1791 1796 1847 ego
1829 1774 1880 1829 si
1908 1774 2097 1831 verbo

335 1852 577 1927 adsequi
630 1871 887 1928 possem,
932 1853 1294 1926 istos,ipsos
1335 1853 1627 1926 ejicerem,
1672 1852 1772 1927 qui
1825 1853 1971 1910 haec
2013 1853 2100 1910 lo·

336 1944 617 2006 quuntur.
705 1933 907 1989 Homo
950 1934 1110 1988 enim
1141 1933 1424 1989 videlicet
1465 1933 1714 1989 timidus
1758 1941 1865 1989 aut
1905 1933 2097 1990 etiam

335 2013 755 2084 permodestus
781 2023 985 2068 vocem
1018 2012 1283 2068 consulis
1307 2013 1456 2068 ferre
1488 2030 1607 2068 non
1637 2012 1877 2086 potuit3
1909 2012 2096 2068 simul

338 2101 516 2165 atque
550 2092 629 2147 ire
661 2093 718 2146 in
752 2092 1028 2148 exsilium
1061 2094 1272 2164 jussus
1301 2099 1409 2161 est,
1442 2092 1679 2165 paruit:
1724 2090 1915 2166 quid?
2001 2091 2098 2148 Ut

232 2173 304 2227 25
339 2170 621 2227 hesterno
653 2172 765 2240 die,
802 2172 1085 2244 QuiriteS,
1119 2189 1253 2227 cum
1287 2171 1449 2227 domi
1486 2189 1653 2227 meae
1694 2188 1884 2245 paene
1915 2172 2099 2227 inter-

338 2250 529 2306 fectus
558 2268 770 2320 essem,
805 2259 1081 2308 senatum
1114 2250 1174 2306 in
1206 2251 1414 2306 aedem
1457 2250 1498 2307 J
1506 2251 1638 2306 ovis
1669 2249 1928 2306 Statoris
1958 2268 2099 2307 con-

338 2332 566 2399 vocavi,
613 2347 736 2385 rem
786 2349 1023 2387 omnem
1070 2331 1146 2386 ad
1194 2339 1394 2404 patres
1444 2330 1816 2403 conscriptos
1863 2329 2094 2386 detuli:

336 2427 453 2482 quo
485 2427 616 2466 cum
652 2409 916 2467 Catilina
948 2410 1230 2477 venisset,
1264 2409 1398 2483 quis
1437 2427 1573 2465 eum
1619 2416 1863 2465 senator
1894 2409 2100 2482 appel-

338 2487 533 2545 lavit?
621 2489 774 2561 Quis
817 2488 1154 2545 salutavit?
1242 2489 1391 2560 Quis
1432 2489 1684 2563 denique
1726 2488 1813 2544 ita
1856 2488 2097 2562 aspexit

234 2570 308 2625 30
338 2576 406 2624 ut
452 2568 752 2642 perditum
799 2570 992 2625 civem
1040 2587 1107 2625 ac
1150 2586 1267 2624 non
1297 2568 1499 2643 potius
1542 2571 1611 2624 u't
1650 2567 2099 2641 importunissi-

338 2665 501 2703 mum
551 2646 830 2704 hostem?
918 2648 1075 2720 Quin
1119 2650 1304 2704 etiam
1347 2649 1648 2721 principes
1692 2649 1819 2721 ejus
1863 2646 2097 2703 ordinis

340 2735 576 2801 partem
609 2726 772 2782 illam
814 2728 1253 2795 subselliorum,
1288 2726 1362 2783 ad
1394 2745 1574 2801 quam
1607 2727 1704 2782 ille
1736 2735 2095 2796 accesserat,

343 2808 565 2863 nudam
613 2813 793 2880 atque
838 2808 1077 2864 inanem
1125 2807 1511 2881 reliquerunt.
1600 2806 1718 2863 Hic
1759 2824 1872 2880 ego
1915 2804 2100 2862 vehe-

340 2903 511 2943 mens
555 2886 653 2943 ille
687 2886 913 2956 consul,
946 2887 1048 2961 qui
1080 2886 1262 2942 verbo
1293 2886 1455 2942 cives
1498 2886 1558 2941 in
1589 2886 1868 2943 exsilium
1899 2886 2096 2961 ejici0‚

236 2967 311 3024 35
341 2966 613 3039 quaesivi
666 2983 700 3021 a
752 2965 1017 3023 Catilina
1064 2967 1126 3021 in
1177 2972 1467 3022 nocturno
1517 2971 1818 3023 conventu
1870 2966 1944 3021 ad
2002 2963 2094 3024 M.

344 3044 606 3101 Laecam
653 3045 866 3101 fuisset
908 3063 1106 3101 necne.
1199 3044 1351 3102 Cum
1397 3045 1515 3115 ille,
1550 3044 1728 3101 homo
1772 3044 2102 3101 audacissi-

347 3140 497 3190 mus,
531 3124 899 3180 conscientia
943 3125 1275 3194 convictus,
1306 3124 1498 3198 primo
1543 3124 1898 3192 reticuisset,
1931 3131 2106 3197 pate-

345 3202 457 3258 feci
488 3211 717 3258 cetera:
750 3203 893 3276 quid
924 3222 995 3259 ca
1026 3208 1198 3259 nocte
1223 3204 1464 3274 egisset,
1491 3204 1633 3279 quid
1665 3204 1724 3259 in
1757 3203 2101 3277 proximam

348 3282 781 3350 constituisset,
812 3300 990 3355 quem
1022 3283 1098 3339 ad
1141 3284 1388 3340 modum
1435 3290 1598 3339 esset
1623 3282 1678 3339 ei
1720 3282 1875 3340 ratio
1906 3282 2104 3341 totius
