2284 3717
446 147 545 192 nn
594 145 917 193 mpnmo
968 144 1084 193 cN.
1136 144 1453 192 Pom’nn
1504 144 1804 196 oRA'rlo.
1965 132 2054 197 95

160 309 293 362 met
322 304 502 379 ipsos
531 302 890 377 dignitatem
916 302 1056 360 huic
1085 302 1356 378 imperio,
1380 302 1640 360 salutem
1672 304 1799 361 orbi
1831 309 1945 362 ter·

163 400 375 440 rarum
406 383 724 452 attulistiS,
757 383 1081 456 aliquando
1126 383 1228 439 isti
1270 383 1570 458 principes
1614 389 1676 440 et
1722 384 1837 440 sibi
1881 390 1944 442 et

164 465 390 521 ceteris
420 463 632 537 populi
659 462 924 519 Romani
949 462 1213 519 universi
1243 463 1585 519 auctoritati
1608 465 1940 537 parendum

162 560 300 600 esse
325 544 654 599 fateantur.
716 544 924 616 Atque
955 541 1015 598 in
1048 541 1160 598 hoc
1189 543 1346 598 bello
1374 543 1655 599 Asiatico
1684 551 1746 600 et
1775 545 1940 618 regio

161 640 288 679 non
320 623 522 679 solum
554 621 834 678 militaris
866 621 970 677 illa
994 622 1203 689 virtus,
1230 640 1382 696 quae
1405 631 1501 678 est
1528 621 1589 678 in
1623 621 1730 680 Cn.
1767 623 1942 680 Pom·
2006 624 2044 682 5

160 703 301 776 peio
328 701 682 775 singularis,
705 701 810 757 sed
835 700 986 757 aliae
1010 718 1247 775 quoque
1273 702 1530 758 virtutes
1561 703 1746 758 animi
1776 721 1939 776 mag-

160 799 281 838 nae
312 787 378 838 et
407 781 636 837 multae
666 780 1084 854 requiruntur:
1128 781 1366 838 difficile
1410 790 1506 838 est
1546 781 1605 836 in
1637 782 1809 850 Asia,
1844 782 1940 841 Oi-

160 859 327 931 licia,
363 859 546 935 Syria
575 860 901 934 regnisque
943 858 1294 916 interiorum
1336 861 1651 917 nationum
1697 861 1784 917 ita
1811 880 1938 918 ver·

160 940 290 997 sari
342 947 622 997 nostrum
667 939 1110 1013 imperatorem,
1159 947 1226 996 ut
1276 939 1425 995 nihil
1479 940 1644 997 aliud
1694 941 1810 996 nisi
1861 942 1935 1000 de

160 1019 344 1076 hoste
378 1037 446 1075 ac
476 1019 550 1075 de
582 1018 761 1074 laude
790 1018 1051 1092 cogitet3
1096 1019 1311 1075 deinde
1340 1020 1523 1075 etiam
1556 1020 1607 1076 si
1644 1020 1746 1093 qui
1791 1029 1935 1078 sunt
1967 1025 2041 1081 10

155 1099 395 1174 pudore
427 1116 497 1155 ac
526 1098 928 1172 temperantia
959 1098 1401 1167 moderatiores»,
1433 1107 1635 1156 tamen
1667 1117 1772 1155 eos
1800 1117 1933 1157 esse

156 1178 325 1235 tales
384 1183 634 1252 propter
691 1177 1139 1233 multitudinem
1197 1178 1550 1251 cupidorum
1620 1178 1935 1236 hominum
1971 1218 1976 1224 -

157 1275 343 1314 nemo
380 1258 724 1313 arbitratur.
785 1256 1039 1313 Difficile
1068 1262 1163 1313 est
1193 1257 1374 1326 dictu,
1397 1258 1682 1330 Quirites,
1703 1266 1933 1333 quanto

158 1338 221 1393 in
252 1337 398 1412 odio
429 1337 619 1393 simus
650 1336 811 1410 apud
839 1341 1077 1393 exteras
1107 1337 1382 1394 nationes
1418 1343 1662 1412 propter
1702 1356 1928 1409 eorum,

159 1434 320 1491 quos
353 1417 431 1472 ad
461 1433 566 1472 eas
607 1433 714 1490 per
759 1414 871 1472 hos
919 1433 1109 1472 annos
1155 1434 1290 1473 cum
1335 1417 1587 1491 imperio
1633 1418 1927 1487 misimus,
1964 1421 2036 1478 15

158 1496 450 1553 libidines
480 1500 543 1552 et
570 1495 836 1569 injurias.
924 1495 1100 1567 Quod
1139 1496 1301 1552 enim
1346 1496 1552 1552 fanum
1595 1497 1824 1570 putatis
1869 1497 1931 1554 in

157 1576 283 1633 illis
326 1576 508 1633 terris
549 1574 774 1630 nostris
815 1575 1279 1648 magistratibus
1334 1576 1700 1648 religiosum,
1747 1594 1929 1650 quam

156 1655 484 1713 civitatem
512 1660 803 1725 sanctam,
836 1671 1017 1729 quam
1061 1655 1308 1711 domum
1353 1657 1503 1711 satis
1548 1655 1813 1712 clausam
1861 1674 1930 1713 ac

156 1735 467 1792 munitam
503 1730 732 1790 fuisse?
816 1733 1015 1790 Urbes
1049 1735 1176 1806 jam
1209 1734 1537 1809 locupletes
1565 1741 1627 1791 et
1654 1735 1934 1810 copiosae

157 1814 568 1889 requiruntur,
617 1812 837 1888 quibus
885 1830 1070 1870 causa
1117 1812 1259 1869 belli
1309 1820 1551 1888 propter
1606 1814 1924 1889 diripiendi
1957 1820 2031 1877 20

161 1893 563 1968 cupiditatem
593 1893 897 1949 inferatur.
961 1892 1246 1949 Libenter
1275 1892 1422 1950 haec
1451 1910 1651 1950 coram
1683 1912 1818 1950 cum
1852 1896 1920 1967 Q.

164 1972 391 2032 Oatulo
421 1978 485 2029 et
515 1972 584 2045 Q.
619 1970 969 2040 HortensiO,
1002 1972 1259 2028 summis
1287 1979 1349 2028 et
1377 1972 1729 2029 clarissimis
1760 1973 1921 2043 viriS,

161 2053 574 2127 disputarem3
605 2057 903 2108 noverunt
923 2052 1082 2107 enim
1108 2052 1405 2107 sociorum
1426 2052 1693 2117 vulnera,
1717 2053 1925 2109 vident

159 2149 372 2189 eorum
402 2130 796 2199 calamitateS,
828 2130 1233 2205 querimonias
1276 2131 1565 2187 audiunt:
1608 2149 1713 2206 pro
1744 2133 1923 2189 sociis

159 2228 272 2269 vos
303 2218 519 2268 contra
543 2209 749 2266 hostes
778 2210 1105 2266 exercitum
1137 2210 1376 2266 mittere
1418 2211 1648 2285 putatis
1680 2228 1756 2267 an
1788 2211 1923 2268 hos·
1952 2215 2024 2273 25

157 2291 311 2347 tium
344 2289 731 2346 simulatione
762 2297 973 2346 contra
995 2289 1191 2346 socios
1214 2295 1395 2363 atque
1421 2288 1689 2346 amicos?
1751 2291 1920 2363 Quae

157 2370 385 2427 civitas
426 2375 524 2426 est
563 2368 625 2425 in
659 2369 811 2425 Asia
853 2386 1005 2444 quae
1034 2386 1156 2424 non
1192 2369 1371 2426 modo
1403 2369 1785 2443 imperatoris
1815 2377 1922 2428 aut

156 2448 362 2524 legati,
396 2449 505 2505 sed
548 2448 728 2504 unius
756 2448 983 2505 tribuni
1010 2448 1273 2504 militum
1303 2449 1541 2505 animos
1571 2466 1639 2506 ac
1668 2450 1918 2525 spiritus

155 2546 371 2604 capere
400 2526 639 2602 possit?

234 2611 331 2665 23.
368 2608 586 2680 Quare,
612 2606 797 2663 etiam
829 2607 880 2664 si
911 2624 1090 2682 quem
1121 2605 1378 2677 habetis,
1404 2608 1503 2681 qui
1536 2608 1772 2665 collatis
1801 2608 1922 2684 sig·
1949 2613 2025 2670 30

154 2687 252 2745 nis
282 2686 589 2744 exercitus
619 2687 818 2760 regios
861 2703 1144 2760 superare
1174 2703 1354 2760 posse
1388 2687 1677 2758 videatur,
1709 2695 1917 2746 tamen

153 2766 271 2823 nisi
321 2766 443 2823 erit
484 2765 661 2834 idem,
694 2765 799 2839 qui
845 2783 908 2822 se
952 2784 988 2821 a
1028 2765 1301 2848 pecuniis
1342 2766 1658 2835 sociorum,
1691 2768 1794 2840 qui
1839 2768 1916 2825 ab

151 2863 364 2903 eorum
395 2845 749 2919 conjugibus
774 2862 841 2900 ac
865 2845 1091 2913 liberiS,
1116 2845 1218 2919 qui
1251 2845 1327 2901 ab
1356 2846 1725 2902 ornamentis
1755 2848 1919 2903 fano-

150 2941 288 2981 rum
334 2931 517 2999 atque
561 2924 934 2999 oppidorum,
981 2924 1084 2999 qui
1130 2924 1207 2979 ab
1253 2942 1397 2981 auro
1442 2943 1707 3000 gazaque
1749 2927 1917 3001 regia

153 3021 391 3073 manus,
444 3003 668 3072 oculos,
717 3004 986 3059 animum
1041 3003 1315 3060 cohibere
1363 3005 1572 3076 possit,
1625 3023 1746 3062 non
1801 3007 1916 3062 erit
1946 3007 2018 3064 35

153 3083 410 3141 idoneus
440 3083 543 3157 qui
576 3082 651 3138 ad
680 3083 899 3139 bellum
932 3083 1276 3139 Asiaticum
1319 3083 1674 3158 regiumque
1717 3084 1916 3141 mitta-

151 3167 267 3219 tur.
382 3162 657 3235 Ecquam
728 3161 963 3237 putatis
1043 3161 1348 3219 civitatem
1399 3175 1672 3237 pacatam
1725 3163 1912 3219 fuisse

151 3260 306 3316 quae
354 3241 626 3316 locuples
670 3239 793 3298 sit?
879 3241 1153 3315 Ecquam
1195 3259 1327 3297 esse
1371 3242 1728 3316 locupletem
1759 3259 1911 3312 quae

154 3319 288 3379 istis
315 3327 538 3398 pacata
567 3337 698 3379 esse
730 3318 1054 3377 videatur?
1116 3319 1240 3377 Ora
1268 3320 1592 3388 maritima,
1626 3318 1793 3390 Quiri
1805 3327 1911 3387 tea,
