2284 3717
470 164 620 211 PRo
673 162 735 210 r.
768 161 1016 210 amno
1068 161 1363 210 intona
1414 162 1716 210 omno,
1904 145 2031 210 115

116 313 127 320 ”
156 320 237 378 dii
265 320 410 378 telis
438 325 503 377 et
530 338 609 377 ex
637 319 908 377 cruentis
936 320 1065 392 ejus
1092 318 1379 375 manibus
1408 316 1621 393 effugii
1678 318 1774 375 Ex
1801 318 1927 394 qui-

161 401 270 456 bus
325 402 380 457 si
431 418 528 457 me
582 418 707 456 non
751 399 846 455 vel
902 416 1038 455 mea
1080 399 1178 454 vel
1226 399 1313 455 rei
1363 398 1636 473 publicae
1685 398 1929 455 fortuna

163 487 484 550 servasset,
516 480 656 554 quis
694 478 941 535 tandem
970 478 1045 535 de
1072 477 1321 534 interitu
1349 495 1483 535 meo
1513 477 1928 553 quaestionem

161 557 440 616 tulisset?

240 642 291 696 8.
341 638 466 696 Sed
497 635 675 694 stulti
720 653 932 693 sumus
961 635 1065 710 qui
1096 635 1384 706 Drusum,
1416 635 1519 709 qui
1551 634 1924 707 Africanum,
1996 637 2035 695 5

165 717 549 792 Pompeium,
592 721 834 772 nosmet
880 715 1047 791 ipsos
1101 733 1240 772 cum
1284 714 1350 772 P.
1400 714 1611 772 Clodio
1659 715 1928 773 conferre

166 797 538 868 audeamus3
579 794 921 851 tolerabilia
960 794 1204 851 fuerunt
1245 794 1381 851 illa:
1429 793 1496 852 P.
1536 794 1738 852 Clodii
1780 812 1934 851 mor·

163 881 282 933 tem
317 893 517 950 aequo
547 875 749 931 animo
778 874 932 930 ferre
962 891 1140 930 nemo
1182 878 1420 947 potest:
1462 873 1634 948 luget
1662 880 1927 945 senatus,

163 962 392 1012 maeret
420 957 704 1029 equester
726 953 889 1023 ord0,
907 958 1043 1009 tota
1063 953 1282 1009 civitas
1311 953 1584 1010 confecta
1613 954 1780 1011 senio
1810 960 1923 1023 est,

165 1034 450 1109 squalent
493 1033 841 1107 municipia,
875 1031 1237 1089 afflictantur
1280 1032 1567 1104 coloniae,
1601 1033 1731 1107 agri
1769 1032 1932 1090 deni·
1963 1034 2036 1090 10

165 1131 279 1188 que
308 1113 429 1190 ipsi
452 1118 581 1168 tam
607 1111 956 1181 beneficum,
975 1117 1103 1168 tam
1135 1111 1479 1182 salutarem,
1500 1120 1628 1169 tam
1657 1130 1933 1169 mansue·

165 1198 294 1249 tum
324 1193 524 1250 civem
555 1191 923 1248 desiderant.
1010 1190 1154 1248 Non
1184 1190 1301 1248 fuit
1337 1208 1409 1247 ea
1450 1209 1654 1262 causa,
1675 1192 1930 1267 judices,

164 1273 453 1345 profectO,
474 1288 595 1327 non
619 1270 736 1327 fuit
758 1287 864 1326 cur
886 1270 1005 1327 sibi
1027 1277 1301 1327 censeret
1325 1269 1650 1344 Pompeius
1673 1271 1933 1345 quaesti·

167 1369 341 1407 onem
373 1350 707 1419 ferendam,
739 1350 845 1406 sed
892 1349 1074 1406 homo
1105 1349 1347 1425 sapiens
1390 1356 1571 1424 atque
1604 1350 1729 1406 alta
1757 1357 1820 1407 et
1847 1350 1934 1406 di·

167 1430 311 1487 vina
355 1429 620 1505 quadam
665 1435 869 1520 mente
911 1427 1224 1502 praeditus
1267 1428 1460 1484 multa
1503 1429 1689 1487 vidit:
1739 1430 1929 1486 fuisse
1963 1429 2035 1486 15

169 1589 337 1646 muni
368 1588 641 1645 omnium
664 1587 900 1643 laetitia
928 1587 981 1644 si
1010 1587 1196 1643 etiam
1226 1587 1355 1661 ipse
1385 1588 1693 1661 gauderet,
1723 1587 1930 1644 timuit

169 1684 241 1724 ne
288 1668 603 1724 videretur
646 1666 940 1723 infirmior
994 1665 1141 1723 fides
1190 1667 1610 1723 reconciliatae
1664 1668 1932 1741 gratiae3

170 1748 362 1805 multa
411 1747 593 1803 etiam
645 1746 768 1802 alia
795 1746 967 1816 vidit,
1000 1745 1104 1801 sed
1150 1745 1302 1802 illud
1344 1747 1622 1815 maxime,
1654 1746 1933 1820 quamvis

172 1827 459 1884 atrociter
479 1826 609 1899 ipse
632 1825 893 1895 tulisset,
919 1841 1030 1882 vos
1052 1831 1260 1881 tamen
1283 1824 1518 1881 fortiter
1535 1825 1928 1898 judicaturos.
1963 1826 2038 1882 20

173 1904 390 1980 Itaque
436 1904 662 1979 delegit
702 1921 779 1961 ex
826 1903 1273 1960 florentissimis
1315 1904 1626 1961 ordinibus
1675 1905 1810 1979 ipsa
1847 1904 1933 1961 lu-

173 1986 353 2056 mina,
389 2002 584 2058 neque
627 2001 785 2052 vero,
817 1984 978 2058 quod
1023 1983 1296 2040 nonnulli
1340 1983 1644 2053 dictitant,
1677 1984 1936 2041 secrevit

174 2063 232 2119 in
251 2064 565 2138 judicibus
595 2063 868 2136 legendis
899 2062 1124 2120 amicos
1156 2079 1360 2135 meos3
1410 2080 1603 2138 neque
1632 2064 1791 2119 enim
1821 2062 1935 2120 hoc

175 2143 471 2218 cogitavit
515 2143 608 2199 vir
644 2142 1042 2214 justissimus,
1090 2158 1286 2216 neque
1334 2142 1398 2197 in
1444 2143 1617 2198 bonis
1666 2144 1815 2199 viris
1855 2143 1934 2199 le-

176 2224 390 2297 gendis
418 2222 480 2279 id
511 2222 762 2295 adsequi
789 2221 1108 2296 potuisset,
1138 2222 1322 2277 etiam
1353 2221 1406 2277 si
1434 2221 1718 2295 cupisset.
1791 2221 1931 2279 Non
1963 2223 2038 2281 25
2111 2261 2123 2272 ·

177 2303 331 2359 enim
374 2319 514 2358 mea
558 2301 760 2376 gratia
803 2300 1323 2357 familiaritatibus
1379 2301 1736 2370 continetur,
1781 2319 1933 2376 quae

176 2380 293 2439 late
338 2386 551 2457 patere
598 2397 718 2436 non
763 2384 1037 2454 possunt,
1067 2385 1387 2454 propterea
1415 2380 1573 2454 quod
1620 2387 1936 2438 consuetu·

178 2461 348 2518 dines
380 2460 581 2517 victus
626 2477 745 2515 non
788 2464 1048 2534 possunt
1088 2476 1222 2515 esse
1252 2476 1390 2515 cum
1433 2459 1679 2533 multis;
1723 2460 1848 2528 sed,
1880 2459 1935 2517 si

178 2541 320 2614 quid
362 2555 707 2615 possumus,
739 2556 814 2595 ex
853 2555 924 2595 eo
965 2554 1307 2612 possumuS,
1344 2538 1504 2612 quod
1551 2556 1648 2596 res
1691 2540 1936 2614 publica

179 2635 286 2677 nos
327 2618 643 2692 conjunxit
678 2634 813 2674 cum
857 2617 1066 2674 bonis:
1110 2634 1186 2673 ex
1212 2617 1433 2691 quibus
1476 2617 1577 2674 ille
1608 2636 1740 2674 cum
1783 2619 1936 2693 opti·
1964 2620 2040 2676 30

179 2714 306 2755 mos
350 2698 516 2754 viros
572 2696 795 2770 legeret
843 2696 1025 2770 idque
1081 2697 1343 2753 maxime
1402 2696 1476 2753 ad
1526 2696 1702 2754 fidem
1760 2715 1933 2754 suam

180 2778 479 2850 pertinere
511 2777 921 2846 arbitraretur,
954 2792 1074 2832 non
1101 2775 1302 2852 potuit
1330 2775 1528 2848 legere
1557 2794 1679 2833 non
1711 2777 1937 2833 studio·

183 2872 279 2914 sos
319 2856 455 2914 mei.
544 2854 720 2927 Quod
750 2871 893 2910 vero
921 2861 999 2923 te,
1031 2855 1103 2912 L.
1136 2854 1389 2924 Domiti,
1421 2854 1562 2912 huic
1596 2855 1937 2948 quaestioni

181 2950 456 3008 praeesse
501 2934 760 2991 maxime
807 2933 1018 2999 voluit,
1062 2933 1210 2989 nihil
1256 2934 1564 3008 quaesivit
1608 2935 1771 2992 aliud
1815 2935 1934 2992 nisi

193 3015 508 3087 justitiam,
554 3013 939 3088 gravitatem,
983 3011 1441 3082 humanitatem,
1488 3013 1681 3071 fidem.
1767 3014 1937 3071 Tulit
1966 3012 2039 3070 35

183 3101 249 3150 ut
273 3093 650 3152 consularem
682 3108 924 3148 necesse
949 3097 1146 3149 esset:
1191 3092 1386 3161 cred0,
1408 3094 1569 3167 quod
1595 3093 1933 3168 principum

185 3189 397 3230 munus
427 3189 563 3229 esse
588 3171 846 3228 ducebat
875 3170 1150 3227 resistere
1174 3176 1237 3228 et
1258 3169 1494 3227 levitati
1523 3171 1935 3228 multitudinis

180 3258 243 3308 et
268 3253 641 3327 perditorum
671 3250 1031 3323 temeritati3
1074 3267 1149 3306 ex
1177 3249 1590 3306 consularibus
1616 3255 1676 3306 te
1706 3250 1936 3304 creavit

187 3332 599 3406 potissimum:
650 3330 902 3386 dederas
945 3330 1105 3386 enim
1149 3345 1334 3402 quam
1376 3332 1789 3383 contemneres
1834 3343 1936 3399 po-
