2284 3717
242 120 374 185 184
754 134 830 182 1.
860 133 1123 181 runnu
1173 132 1576 181 omnnems

348 291 487 366 Quo
540 290 801 367 populus
856 288 1226 347 Romanus?
1330 290 1451 364 Qui
1504 290 1754 365 quidem
1819 291 1991 349 nulla
2047 292 2107 348 in

348 371 633 430 concione
667 387 957 445 umquam
1002 370 1374 444 frequentior
1413 371 1544 427 fuit.
1632 370 1796 426 Tum
1843 372 2107 446 denique

350 452 592 508 liberati
632 469 742 526 per
780 452 947 506 viros
995 450 1366 506 fortissimos
1408 450 1785 517 videbamur,
1834 452 1996 525 quia,
2043 456 2109 507 ut

350 531 437 588 illi
462 531 799 595 voluerant,
824 530 1172 586 libertatem
1199 546 1319 604 pax
1347 529 1845 604 consequebatur.
1925 531 2110 586 Prox-

284 615 323 671 5
354 611 493 673 imo,
520 611 726 675 altero,
750 611 954 678 tertie,
969 610 1231 682 denique
1251 609 1502 682 reliquis
1523 611 1869 666 consecutis
1892 609 2111 666 diebus

350 708 475 747 nou
530 690 975 746 intermittebas
1030 689 1206 763 qnasi
1261 689 1487 744 donum
1540 689 1786 762 aliquod
1836 689 2112 762 quotidie

356 771 591 826 adferre
630 770 716 825 rei
760 768 1077 843 publicae3
1117 769 1454 824 maximum
1498 774 1700 824 autem
1741 768 1916 836 illud,
1946 767 2110 842 quod

354 849 693 907 dictaturae
721 866 941 905 nomen
971 847 1294 904 sustulisti.
1382 848 1555 905 Haec
1595 848 1808 904 inusta
1835 854 1935 904 est
1964 866 2002 903 a
2030 853 2110 915 te,

358 947 397 986 a
422 938 505 993 te,
536 929 803 1002 inquam,
835 934 1073 984 mortuo
1104 927 1354 985 Caesari
1394 934 1543 985 nota
1586 928 1666 984 ad
1707 926 2113 1001 ignominiam

258 1012 329 1069 1ss
357 1009 804 1081 sempiternam.
892 1007 983 1064 Ut
1025 1007 1190 1064 enim
1235 1012 1486 1082 propter
1533 1007 1717 1062 unius
1757 1006 1846 1062 M.
1892 1004 2114 1062 Manlii

360 1089 557 1145 scelus
606 1088 847 1144 decreto
889 1086 1091 1161 gentis
1132 1085 1404 1144 Manliae
1445 1086 1748 1143 neminem
1788 1086 2114 1159 patricium

360 1167 663 1225 Manlium
696 1166 977 1223 Marcum
1005 1166 1208 1222 vocari
1237 1166 1398 1236 licet,
1430 1167 1520 1223 sic
1547 1172 1616 1222 tu
1642 1171 1896 1240 propter
1929 1165 2115 1221 unius

360 1247 678 1304 dictatoris
725 1247 931 1302 odium
973 1263 1198 1302 nomen
1239 1246 1556 1303 dictatoris
1596 1244 1876 1301 funditus
1920 1250 2116 1301 sustu-

358 1327 503 1384 listi.
588 1326 756 1382 Num
804 1332 884 1395 te,
928 1343 1066 1381 cum
1114 1325 1265 1383 haec
1307 1343 1417 1401 pro
1462 1325 1660 1382 salute
1703 1324 1789 1379 rei
1834 1324 2117 1398 publicae

250 1410 332 1466 15
362 1414 537 1464 tanta
580 1407 895 1479 gessisses,
941 1406 1220 1461 fortunae
1261 1412 1422 1475 tuae,
1467 1422 1612 1460 num
1666 1402 2113 1478 amplitudinis»,

364 1504 508 1542 num
564 1486 877 1553 claritatis„
922 1485 1103 1561 [num
1144 1483 1408 1560 gloriae]
1449 1481 1851 1558 poenitebat?
1937 1482 2117 1539 Unde

362 1567 554 1639 igitur
580 1566 785 1621 subito
810 1570 985 1621 tanta
1006 1564 1132 1620 ista
1161 1565 1419 1621 mutatio
1437 1561 1465 1619 ἲ
1547 1562 1688 1618 Non
1716 1579 1975 1637 possum
2021 1561 2119 1618 ad·

364 1646 504 1702 duci
556 1651 624 1701 ut
668 1645 941 1718 suspicer
982 1649 1045 1700 te
1093 1644 1350 1718 pecunia
1388 1648 1650 1717 captum.
1736 1641 1916 1698 Licet
1957 1639 2119 1716 quod

366 1726 583 1799 cuique
610 1724 761 1780 libet
786 1723 1083 1797 loquatur,
1104 1724 1345 1780 credere
1367 1739 1488 1779 uon
1516 1726 1614 1778 est
1640 1738 1893 1778 necesse
1918 1742 1935 1777 ε
1967 1718 2120 1777 nihil

261 1808 338 1864 20
365 1805 528 1861 enim
558 1821 843 1878 umquam
866 1804 931 1859 in
953 1809 1015 1859 te
1043 1803 1374 1873 sordidum,
1398 1801 1549 1857 nihil
1580 1801 1807 1858 humile
1835 1798 2116 1874 cognovi.

370 1886 752 1958 Quamquam
810 1883 1009 1939 solent
1060 1882 1378 1939 domestici
1432 1881 1767 1956 depravare
1827 1896 2123 1937 nonnum·

368 1981 590 2038 quam3
634 1964 741 2020 sed
781 1962 928 2019 novi
969 1960 1317 2019 firmitatem
1357 1968 1546 2018 tuam.
1630 1959 1842 2034 Atque
1884 1961 2121 2016 utinam

369 2049 439 2100 ut
467 2043 721 2117 culpam,
754 2043 843 2100 sic
870 2042 1055 2098 etiam
1096 2041 1505 2116 suspicionem
1537 2037 1736 2095 vitare
1776 2034 2121 2114 potuisses!

453 2126 542 2179 14.
588 2122 750 2179 Illud
793 2122 990 2196 magis
1031 2139 1260 2190 vereor,
1304 2139 1377 2177 ne
1419 2120 1708 2194 ignorans
1749 2136 1969 2175 verum
2012 2119 2127 2174 iter

266 2205 340 2261 25
370 2203 600 2276 gloriae
630 2202 959 2276 gloriosum
1002 2207 1183 2276 putes
1224 2200 1363 2275 plus
1390 2206 1451 2256 te
1479 2216 1667 2255 unum
1711 2215 1893 2272 posse
1937 2213 2125 2272 quam

373 2300 582 2338 omnes
610 2290 672 2338 et
704 2282 894 2338 metui
939 2300 975 2337 a
1014 2280 1252 2337 civibus
1291 2280 1449 2337 tuis:
1494 2278 1654 2353 quod
1697 2278 1750 2333 si
1793 2279 1886 2335 ita
1924 2284 2125 2353 putaS,

371 2367 565 2419 totam
594 2362 843 2435 ignoras
868 2361 1028 2418 viam
1052 2360 1317 2434 gloriae:
1346 2376 1550 2417 carum
1573 2357 1950 2428 essecivem,
1978 2359 2128 2414 bene

375 2442 450 2498 de
478 2460 542 2498 re
574 2442 817 2516 publica
857 2442 1091 2509 mereri,
1120 2439 1375 2508 laudari,
1407 2439 1540 2507 coli,
1570 2437 1746 2510 diligi
1790 2437 2128 2511 gloriosum

375 2526 505 2593 est3
546 2521 735 2578 metui
766 2538 909 2577 vero
943 2527 1005 2578 et
1043 2519 1107 2575 in
1152 2520 1295 2576 odio
1335 2536 1469 2575 esse
1510 2517 1902 2584 invidiosum,
1934 2516 2131 2573 detes·

271 2602 347 2657 30
373 2601 575 2669 tabile‚
607 2601 988 2671 imbecillum,
1010 2600 1323 2656 caducum.
1412 2597 1588 2670 Quod
1620 2596 1903 2652 videmus
1942 2597 2128 2653 etiam

377 2681 441 2736 in
471 2680 676 2737 fabula
718 2680 802 2736 illi
846 2681 982 2753 ipsi,
1014 2680 1115 2754 qui
1149 2686 1160 2708 ‘
1187 2678 1438 2747 oderint,
1471 2677 1614 2733 dum
1656 2681 1942 2732 metuant
1962 2678 1978 2707 ’
2008 2676 2131 2732 dix-

377 2760 509 2829 erit,
559 2760 963 2834 perniciosum
1021 2759 1225 2815 fuisse.
1313 2757 1585 2824 Utinam,
1631 2754 1890 2822 Antoni,
1944 2770 2130 2810 avum

377 2845 548 2896 tuum
592 2837 1006 2896 meminisses!
1038 2839 1112 2894 de
1142 2857 1265 2913 quo
1309 2842 1515 2894 tamen
1559 2834 1787 2891 audisti
1831 2834 2033 2891 multa
2060 2848 2132 2891 ex

380 2937 476 2975 me
530 2937 718 2993 eaque
769 2919 1137 2992 saepissime.
1245 2918 1513 2973 Putasne
1562 2914 1734 2970 illum
1775 2912 2133 2971 immortali-

379 3004 570 3056 tatem
600 2999 813 3055 mereri
848 2997 1128 3066 voluisse,
1164 3002 1233 3054 ut
1272 3002 1518 3072 propter
1561 3011 1865 3051 armorum
1916 2993 2137 3049 haben-

384 3079 596 3134 dorum
648 3077 952 3133 licentiam
1002 3074 1417 3133 metueretur?
1499 3075 1619 3131 Ilia
1661 3078 1794 3130 erat
1837 3073 1987 3142 vita,
2033 3073 2136 3128 illa
2237 3092 2238 3149 j

384 3155 647 3208 secunda
676 3155 929 3219 fortuna,
960 3153 1239 3210 libertate
1282 3172 1415 3210 esse
1456 3170 1663 3227 parem
1707 3152 1946 3220 ceteris
1976 3153 2134 3226 prin-

386 3228 576 3298 cipem
628 3230 947 3298 dignitate.
1034 3230 1269 3302 Itaque,
1314 3237 1385 3288 ut
1426 3233 1707 3288 omittam
1757 3247 1859 3286 res
1902 3231 2007 3286 avi
2050 3227 2137 3287 tui

270 3388 279 3395 ἠ
386 3319 723 3374 prosperas,
745 3305 1200 3361 acerbissimum
1220 3311 1349 3380 ejus
1373 3326 1727 3383 supremum
1750 3309 1916 3366 diem
1932 3309 2140 3368 malim
