<?xml version="1.0" encoding="UTF-8"?>
<!DOCTYPE html PUBLIC "-//W3C//DTD XHTML 1.0 Transitional//EN"
    "http://www.w3.org/TR/xhtml1/DTD/xhtml1-transitional.dtd">
<html xmlns="http://www.w3.org/1999/xhtml" xml:lang="en" lang="en">
 <head>
  <title>
</title>
<meta http-equiv="Content-Type" content="text/html;charset=utf-8" />
  <meta name='ocr-system' content='tesseract 3.04.00' />
  <meta name='ocr-capabilities' content='ocr_page ocr_carea ocr_par ocr_line ocrx_word'/>
</head>
<body>
  <div class='ocr_page' id='page_1' title='image "./selectorationsm03stuagoog_0060.png"; bbox 0 0 2284 3717; ppageno 0'>
   <div class='ocr_carea' id='block_1_1' title="bbox 247 153 1581 218">
    <p class='ocr_par' dir='ltr' id='par_1_1' title="bbox 247 153 1581 218">
     <span class='ocr_line' id='line_1_1' title="bbox 247 153 1581 218; baseline 0 0"><span class='ocrx_word' id='word_1_1' title='bbox 247 153 335 218; x_wconf 83' lang='lat'>64</span> <span class='ocrx_word' id='word_1_2' title='bbox 772 170 848 218; x_wconf 79' lang='lat' dir='ltr'>M.</span> <span class='ocrx_word' id='word_1_3' title='bbox 880 170 1136 217; x_wconf 74' lang='lat' dir='ltr'>TULLII</span> <span class='ocrx_word' id='word_1_4' title='bbox 1183 171 1581 218; x_wconf 73' lang='lat' dir='ltr'>CICERONIS</span> 
     </span>
    </p>
   </div>
   <div class='ocr_carea' id='block_1_2' title="bbox 244 324 2130 3419">
    <p class='ocr_par' dir='ltr' id='par_1_2' title="bbox 284 324 2094 1037">
     <span class='ocr_line' id='line_1_2' title="bbox 352 324 2093 397; baseline 0.003 -15"><span class='ocrx_word' id='word_1_5' title='bbox 352 324 625 395; x_wconf 87' lang='lat' dir='ltr'>habetur,</span> <span class='ocrx_word' id='word_1_6' title='bbox 685 331 928 383; x_wconf 86' lang='lat' dir='ltr'>secutus</span> <span class='ocrx_word' id='word_1_7' title='bbox 996 331 1106 397; x_wconf 88' lang='lat' dir='ltr'>est,</span> <span class='ocrx_word' id='word_1_8' title='bbox 1168 327 1423 384; x_wconf 87' lang='lat' dir='ltr'>fortasse</span> <span class='ocrx_word' id='word_1_9' title='bbox 1484 328 1688 385; x_wconf 86' lang='lat' dir='ltr'>minus</span> <span class='ocrx_word' id='word_1_10' title='bbox 1756 337 1939 386; x_wconf 86' lang='lat' dir='ltr'>erunt</span> <span class='ocrx_word' id='word_1_11' title='bbox 1995 329 2093 387; x_wconf 83' lang='lat' dir='ltr'>hoc</span> 
     </span>
     <span class='ocr_line' id='line_1_3' title="bbox 354 405 2091 483; baseline 0.002 -22"><span class='ocrx_word' id='word_1_12' title='bbox 354 409 597 461; x_wconf 89' lang='lat' dir='ltr'>auctore</span> <span class='ocrx_word' id='word_1_13' title='bbox 627 409 689 461; x_wconf 88' lang='lat' dir='ltr'>et</span> <span class='ocrx_word' id='word_1_14' title='bbox 717 406 1024 479; x_wconf 83' lang='lat' dir='ltr'>cognitore</span> <span class='ocrx_word' id='word_1_15' title='bbox 1067 405 1310 480; x_wconf 86' lang='lat' dir='ltr'>hujusce</span> <span class='ocrx_word' id='word_1_16' title='bbox 1355 408 1689 464; x_wconf 90' lang='lat' dir='ltr'>sententiae</span> <span class='ocrx_word' id='word_1_17' title='bbox 1734 408 1884 464; x_wconf 89' lang='lat' dir='ltr'>mihi</span> <span class='ocrx_word' id='word_1_18' title='bbox 1922 427 2091 483; x_wconf 87' lang='lat' dir='ltr'>popu-</span> 
     </span>
     <span class='ocr_line' id='line_1_4' title="bbox 352 484 2089 559; baseline 0.003 -20"><span class='ocrx_word' id='word_1_19' title='bbox 352 484 509 541; x_wconf 89' lang='lat' dir='ltr'>lares</span> <span class='ocrx_word' id='word_1_20' title='bbox 548 485 811 559; x_wconf 88' lang='lat' dir='ltr'>impetus</span> <span class='ocrx_word' id='word_1_21' title='bbox 838 485 1341 559; x_wconf 64' lang='lat' dir='ltr'>pertimescendi5</span> <span class='ocrx_word' id='word_1_22' title='bbox 1386 488 1476 543; x_wconf 88' lang='lat' dir='ltr'>sin</span> <span class='ocrx_word' id='word_1_23' title='bbox 1519 487 1685 543; x_wconf 87' lang='lat' dir='ltr'>illam</span> <span class='ocrx_word' id='word_1_24' title='bbox 1730 489 1981 545; x_wconf 88' lang='lat' dir='ltr'>alteram</span> <span class='ocrx_word' id='word_1_25' title='bbox 2010 507 2089 544; x_wconf 88' lang='lat' dir='ltr'>ne-</span> 
     </span>
     <span class='ocr_line' id='line_1_5' title="bbox 351 565 2090 640; baseline 0.002 -20"><span class='ocrx_word' id='word_1_26' title='bbox 351 565 474 620; x_wconf 89' lang='lat' dir='ltr'>scio</span> <span class='ocrx_word' id='word_1_27' title='bbox 499 582 577 620; x_wconf 92' lang='lat' dir='ltr'>an</span> <span class='ocrx_word' id='word_1_28' title='bbox 601 566 859 639; x_wconf 87' lang='lat' dir='ltr'>amplius</span> <span class='ocrx_word' id='word_1_29' title='bbox 890 565 1037 621; x_wconf 91' lang='lat' dir='ltr'>mihi</span> <span class='ocrx_word' id='word_1_30' title='bbox 1063 567 1291 639; x_wconf 83' lang='lat' dir='ltr'>negotii</span> <span class='ocrx_word' id='word_1_31' title='bbox 1316 565 1738 640; x_wconf 80' lang='lat' dir='ltr'>contrahatur3</span> <span class='ocrx_word' id='word_1_32' title='bbox 1768 568 1877 623; x_wconf 90' lang='lat' dir='ltr'>sed</span> <span class='ocrx_word' id='word_1_33' title='bbox 1901 574 2090 624; x_wconf 88' lang='lat' dir='ltr'>tamen</span> 
     </span>
     <span class='ocr_line' id='line_1_6' title="bbox 284 642 2089 722; baseline 0.002 -23"><span class='ocrx_word' id='word_1_34' title='bbox 284 642 319 699; x_wconf 86' lang='lat'>5</span> <span class='ocrx_word' id='word_1_35' title='bbox 348 661 616 701; x_wconf 90' lang='lat' dir='ltr'>meorum</span> <span class='ocrx_word' id='word_1_36' title='bbox 660 644 1079 718; x_wconf 87' lang='lat' dir='ltr'>periculorum·</span> <span class='ocrx_word' id='word_1_37' title='bbox 1100 646 1365 701; x_wconf 89' lang='lat' dir='ltr'>rationes</span> <span class='ocrx_word' id='word_1_38' title='bbox 1417 646 1650 703; x_wconf 90' lang='lat' dir='ltr'>utilitas</span> <span class='ocrx_word' id='word_1_39' title='bbox 1698 647 1784 703; x_wconf 87' lang='lat' dir='ltr'>rei</span> <span class='ocrx_word' id='word_1_40' title='bbox 1826 647 2089 722; x_wconf 90' lang='lat' dir='ltr'>publicae</span> 
     </span>
     <span class='ocr_line' id='line_1_7' title="bbox 353 723 2090 800; baseline 0.002 -22"><span class='ocrx_word' id='word_1_41' title='bbox 353 723 573 780; x_wconf 86' lang='lat' dir='ltr'>vincat.</span> <span class='ocrx_word' id='word_1_42' title='bbox 661 724 976 780; x_wconf 83' lang='lat' dir='ltr'>Habemus</span> <span class='ocrx_word' id='word_1_43' title='bbox 1005 724 1164 780; x_wconf 88' lang='lat' dir='ltr'>enim</span> <span class='ocrx_word' id='word_1_44' title='bbox 1195 742 1230 780; x_wconf 90' lang='lat' dir='ltr'>a</span> <span class='ocrx_word' id='word_1_45' title='bbox 1261 725 1538 795; x_wconf 81' lang='lat' dir='ltr'>Caesare,</span> <span class='ocrx_word' id='word_1_46' title='bbox 1571 726 1727 782; x_wconf 85' lang='lat' dir='ltr'>sicut</span> <span class='ocrx_word' id='word_1_47' title='bbox 1755 727 1948 800; x_wconf 89' lang='lat' dir='ltr'>ipsius</span> <span class='ocrx_word' id='word_1_48' title='bbox 1976 727 2090 799; x_wconf 84' lang='lat' dir='ltr'>dig-</span> 
     </span>
     <span class='ocr_line' id='line_1_8' title="bbox 349 802 2091 879; baseline 0.001 -21"><span class='ocrx_word' id='word_1_49' title='bbox 349 802 511 859; x_wconf 81' lang='lat' dir='ltr'><strong>nitas</strong></span> <span class='ocrx_word' id='word_1_50' title='bbox 538 808 600 859; x_wconf 88' lang='lat' dir='ltr'>et</span> <span class='ocrx_word' id='word_1_51' title='bbox 631 805 921 877; x_wconf 87' lang='lat' dir='ltr'>majorum</span> <span class='ocrx_word' id='word_1_52' title='bbox 951 805 1081 877; x_wconf 86' lang='lat' dir='ltr'>ejus</span> <span class='ocrx_word' id='word_1_53' title='bbox 1111 804 1446 878; x_wconf 87' lang='lat' dir='ltr'>amplitudo</span> <span class='ocrx_word' id='word_1_54' title='bbox 1474 805 1843 879; x_wconf 89' lang='lat' dir='ltr'>postulabat,</span> <span class='ocrx_word' id='word_1_55' title='bbox 1871 812 2091 862; x_wconf 87' lang='lat' dir='ltr'>senten-</span> 
     </span>
     <span class='ocr_line' id='line_1_9' title="bbox 348 882 2089 959; baseline 0.002 -22"><span class='ocrx_word' id='word_1_56' title='bbox 348 882 499 937; x_wconf 82' lang='lat' dir='ltr'><strong>tiam</strong></span> <span class='ocrx_word' id='word_1_57' title='bbox 529 888 839 956; x_wconf 87' lang='lat' dir='ltr'>tamquam</span> <span class='ocrx_word' id='word_1_58' title='bbox 869 883 1139 939; x_wconf 87' lang='lat' dir='ltr'>obsidem</span> <span class='ocrx_word' id='word_1_59' title='bbox 1183 889 1507 959; x_wconf 79' lang='lat' dir='ltr'>perpetuae</span> <span class='ocrx_word' id='word_1_60' title='bbox 1537 884 1599 940; x_wconf 90' lang='lat' dir='ltr'>in</span> <span class='ocrx_word' id='word_1_61' title='bbox 1628 902 1751 941; x_wconf 91' lang='lat' dir='ltr'>rem</span> <span class='ocrx_word' id='word_1_62' title='bbox 1796 886 2089 958; x_wconf 81' lang='lat' dir='ltr'>publicam</span> 
     </span>
     <span class='ocr_line' id='line_1_10' title="bbox 348 960 2094 1037; baseline 0.002 -21"><span class='ocrx_word' id='word_1_63' title='bbox 348 960 720 1034; x_wconf 81' lang='lat' dir='ltr'>voluntatis3</span> <span class='ocrx_word' id='word_1_64' title='bbox 763 962 1134 1018; x_wconf 90' lang='lat' dir='ltr'>intellectum</span> <span class='ocrx_word' id='word_1_65' title='bbox 1180 968 1275 1019; x_wconf 91' lang='lat' dir='ltr'>est</span> <span class='ocrx_word' id='word_1_66' title='bbox 1313 964 1456 1037; x_wconf 90' lang='lat' dir='ltr'>quid</span> <span class='ocrx_word' id='word_1_67' title='bbox 1491 964 1810 1021; x_wconf 88' lang='lat' dir='ltr'>interesset</span> <span class='ocrx_word' id='word_1_68' title='bbox 1838 964 1994 1022; x_wconf 89' lang='lat' dir='ltr'>inter</span> <span class='ocrx_word' id='word_1_69' title='bbox 2023 965 2094 1020; x_wconf 88' lang='lat' dir='ltr'>le-</span> 
     </span>
    </p>

    <p class='ocr_par' dir='ltr' id='par_1_3' title="bbox 246 1038 2101 1430">
     <span class='ocr_line' id='line_1_11' title="bbox 246 1038 2094 1118; baseline 0.003 -24"><span class='ocrx_word' id='word_1_70' title='bbox 246 1038 319 1097; x_wconf 89' lang='lat'>10</span> <span class='ocrx_word' id='word_1_71' title='bbox 348 1040 600 1097; x_wconf 87' lang='lat' dir='ltr'>vitatem</span> <span class='ocrx_word' id='word_1_72' title='bbox 631 1042 1114 1098; x_wconf 81' lang='lat' dir='ltr'>concionatorum</span> <span class='ocrx_word' id='word_1_73' title='bbox 1159 1050 1220 1099; x_wconf 85' lang='lat' dir='ltr'>et</span> <span class='ocrx_word' id='word_1_74' title='bbox 1255 1044 1522 1098; x_wconf 90' lang='lat' dir='ltr'>animum</span> <span class='ocrx_word' id='word_1_75' title='bbox 1552 1061 1687 1100; x_wconf 91' lang='lat' dir='ltr'>vere</span> <span class='ocrx_word' id='word_1_76' title='bbox 1729 1044 2094 1118; x_wconf 85' lang='lat' dir='ltr'>popularem,</span> 
     </span>
     <span class='ocr_line' id='line_1_12' title="bbox 349 1119 2097 1198; baseline 0.003 -24"><span class='ocrx_word' id='word_1_77' title='bbox 349 1119 530 1178; x_wconf 86' lang='lat' dir='ltr'>saluti</span> <span class='ocrx_word' id='word_1_78' title='bbox 574 1120 783 1194; x_wconf 85' lang='lat' dir='ltr'>&#39;populi</span> <span class='ocrx_word' id='word_1_79' title='bbox 830 1121 1257 1178; x_wconf 84' lang='lat' dir='ltr'>consulentem.</span> <span class='ocrx_word' id='word_1_80' title='bbox 1342 1122 1539 1179; x_wconf 89' lang='lat' dir='ltr'>Video</span> <span class='ocrx_word' id='word_1_81' title='bbox 1585 1123 1656 1179; x_wconf 91' lang='lat' dir='ltr'>de</span> <span class='ocrx_word' id='word_1_82' title='bbox 1702 1123 1855 1193; x_wconf 79' lang='lat' dir='ltr'>istis,</span> <span class='ocrx_word' id='word_1_83' title='bbox 1894 1124 1997 1198; x_wconf 91' lang='lat' dir='ltr'>qui</span> <span class='ocrx_word' id='word_1_84' title='bbox 2035 1140 2097 1180; x_wconf 90' lang='lat' dir='ltr'>se</span> 
     </span>
     <span class='ocr_line' id='line_1_13' title="bbox 346 1199 2097 1273; baseline 0.002 -18"><span class='ocrx_word' id='word_1_85' title='bbox 346 1201 667 1273; x_wconf 88' lang='lat' dir='ltr'>populares</span> <span class='ocrx_word' id='word_1_86' title='bbox 698 1199 903 1257; x_wconf 88' lang='lat' dir='ltr'>haberi</span> <span class='ocrx_word' id='word_1_87' title='bbox 932 1201 1161 1271; x_wconf 83' lang='lat' dir='ltr'>volunt,</span> <span class='ocrx_word' id='word_1_88' title='bbox 1190 1201 1398 1258; x_wconf 86' lang='lat' dir='ltr'>abesse</span> <span class='ocrx_word' id='word_1_89' title='bbox 1430 1219 1547 1258; x_wconf 92' lang='lat' dir='ltr'>non</span> <span class='ocrx_word' id='word_1_90' title='bbox 1578 1203 1897 1271; x_wconf 89' lang='lat' dir='ltr'>neminem,</span> <span class='ocrx_word' id='word_1_91' title='bbox 1924 1221 1997 1259; x_wconf 88' lang='lat' dir='ltr'>ne</span> <span class='ocrx_word' id='word_1_92' title='bbox 2026 1203 2097 1260; x_wconf 90' lang='lat' dir='ltr'>de</span> 
     </span>
     <span class='ocr_line' id='line_1_14' title="bbox 348 1279 2100 1353; baseline 0.002 -18"><span class='ocrx_word' id='word_1_93' title='bbox 348 1280 545 1353; x_wconf 87' lang='lat' dir='ltr'>capite</span> <span class='ocrx_word' id='word_1_94' title='bbox 577 1279 852 1336; x_wconf 87' lang='lat' dir='ltr'>videlicet</span> <span class='ocrx_word' id='word_1_95' title='bbox 893 1280 1115 1336; x_wconf 86' lang='lat' dir='ltr'>civium</span> <span class='ocrx_word' id='word_1_96' title='bbox 1163 1281 1576 1337; x_wconf 88' lang='lat' dir='ltr'>Romanorum</span> <span class='ocrx_word' id='word_1_97' title='bbox 1618 1283 1979 1339; x_wconf 86' lang='lat' dir='ltr'>sententiam</span> <span class='ocrx_word' id='word_1_98' title='bbox 2024 1282 2100 1339; x_wconf 88' lang='lat' dir='ltr'>fe-</span> 
     </span>
     <span class='ocr_line' id='line_1_15' title="bbox 346 1359 2101 1430; baseline 0.002 -17"><span class='ocrx_word' id='word_1_99' title='bbox 346 1365 474 1430; x_wconf 87' lang='lat' dir='ltr'>rat;</span> <span class='ocrx_word' id='word_1_100' title='bbox 505 1360 557 1416; x_wconf 92' lang='lat' dir='ltr'>is</span> <span class='ocrx_word' id='word_1_101' title='bbox 580 1365 640 1416; x_wconf 91' lang='lat' dir='ltr'>et</span> <span class='ocrx_word' id='word_1_102' title='bbox 662 1360 881 1415; x_wconf 87' lang='lat' dir='ltr'>nudius</span> <span class='ocrx_word' id='word_1_103' title='bbox 904 1361 1122 1416; x_wconf 89' lang='lat' dir='ltr'>tertius</span> <span class='ocrx_word' id='word_1_104' title='bbox 1152 1359 1213 1415; x_wconf 93' lang='lat' dir='ltr'>in</span> <span class='ocrx_word' id='word_1_105' title='bbox 1238 1361 1573 1417; x_wconf 75' lang='lat' dir='ltr'>custodiam</span> <span class='ocrx_word' id='word_1_106' title='bbox 1600 1361 1763 1417; x_wconf 90' lang='lat' dir='ltr'>cives</span> <span class='ocrx_word' id='word_1_107' title='bbox 1789 1362 2101 1418; x_wconf 87' lang='lat' dir='ltr'>Romanos</span> 
     </span>
    </p>

    <p class='ocr_par' dir='ltr' id='par_1_4' title="bbox 244 1434 2105 1829">
     <span class='ocr_line' id='line_1_16' title="bbox 244 1434 2102 1512; baseline 0.003 -21"><span class='ocrx_word' id='word_1_108' title='bbox 244 1434 318 1492; x_wconf 86' lang='lat'>15</span> <span class='ocrx_word' id='word_1_109' title='bbox 348 1437 515 1495; x_wconf 87' lang='lat' dir='ltr'>dedit</span> <span class='ocrx_word' id='word_1_110' title='bbox 568 1445 629 1496; x_wconf 89' lang='lat' dir='ltr'>et</span> <span class='ocrx_word' id='word_1_111' title='bbox 685 1439 1186 1512; x_wconf 87' lang='lat' dir='ltr'>supplicationem</span> <span class='ocrx_word' id='word_1_112' title='bbox 1241 1440 1389 1495; x_wconf 90' lang='lat' dir='ltr'>mihi</span> <span class='ocrx_word' id='word_1_113' title='bbox 1437 1441 1700 1497; x_wconf 86' lang='lat' dir='ltr'>decrevit</span> <span class='ocrx_word' id='word_1_114' title='bbox 1754 1447 1816 1498; x_wconf 90' lang='lat' dir='ltr'>et</span> <span class='ocrx_word' id='word_1_115' title='bbox 1872 1441 2102 1499; x_wconf 87' lang='lat' dir='ltr'>indices</span> 
     </span>
     <span class='ocr_line' id='line_1_17' title="bbox 350 1516 2101 1593; baseline 0.002 -20"><span class='ocrx_word' id='word_1_116' title='bbox 350 1516 629 1574; x_wconf 86' lang='lat' dir='ltr'>hesterno</span> <span class='ocrx_word' id='word_1_117' title='bbox 679 1518 776 1574; x_wconf 92' lang='lat' dir='ltr'>die</span> <span class='ocrx_word' id='word_1_118' title='bbox 826 1518 1102 1575; x_wconf 86' lang='lat' dir='ltr'>maximis</span> <span class='ocrx_word' id='word_1_119' title='bbox 1151 1520 1436 1593; x_wconf 89' lang='lat' dir='ltr'>praemiis</span> <span class='ocrx_word' id='word_1_120' title='bbox 1492 1517 1703 1577; x_wconf 89' lang='lat' dir='ltr'>affecit.</span> <span class='ocrx_word' id='word_1_121' title='bbox 1788 1520 1830 1577; x_wconf 83' lang='lat' dir='ltr'>J</span> <span class='ocrx_word' id='word_1_122' title='bbox 1836 1538 1936 1576; x_wconf 88' lang='lat' dir='ltr'>am</span> <span class='ocrx_word' id='word_1_123' title='bbox 1992 1520 2101 1578; x_wconf 90' lang='lat' dir='ltr'>hoc</span> 
     </span>
     <span class='ocr_line' id='line_1_18' title="bbox 349 1597 2102 1675; baseline 0.003 -24"><span class='ocrx_word' id='word_1_124' title='bbox 349 1597 576 1654; x_wconf 89' lang='lat' dir='ltr'>nemini</span> <span class='ocrx_word' id='word_1_125' title='bbox 621 1597 870 1654; x_wconf 89' lang='lat' dir='ltr'>dubium</span> <span class='ocrx_word' id='word_1_126' title='bbox 921 1603 1031 1666; x_wconf 89' lang='lat' dir='ltr'>est,</span> <span class='ocrx_word' id='word_1_127' title='bbox 1076 1598 1179 1672; x_wconf 91' lang='lat' dir='ltr'>qui</span> <span class='ocrx_word' id='word_1_128' title='bbox 1226 1615 1329 1655; x_wconf 89' lang='lat' dir='ltr'>reo</span> <span class='ocrx_word' id='word_1_129' title='bbox 1379 1600 1730 1669; x_wconf 86' lang='lat' dir='ltr'>custodiam,</span> <span class='ocrx_word' id='word_1_130' title='bbox 1776 1601 2102 1675; x_wconf 89' lang='lat' dir='ltr'>quaesitori</span> 
     </span>
     <span class='ocr_line' id='line_1_19' title="bbox 348 1676 2101 1753; baseline 0.003 -22"><span class='ocrx_word' id='word_1_131' title='bbox 348 1676 839 1749; x_wconf 87' lang='lat' dir='ltr'>gratulationem,</span> <span class='ocrx_word' id='word_1_132' title='bbox 886 1677 1070 1733; x_wconf 90' lang='lat' dir='ltr'>indici</span> <span class='ocrx_word' id='word_1_133' title='bbox 1130 1678 1462 1751; x_wconf 88' lang='lat' dir='ltr'>praemium</span> <span class='ocrx_word' id='word_1_134' title='bbox 1508 1679 1789 1749; x_wconf 87' lang='lat' dir='ltr'>decrevit,</span> <span class='ocrx_word' id='word_1_135' title='bbox 1837 1680 1984 1753; x_wconf 91' lang='lat' dir='ltr'>quid</span> <span class='ocrx_word' id='word_1_136' title='bbox 2029 1680 2101 1736; x_wconf 89' lang='lat' dir='ltr'>de</span> 
     </span>
     <span class='ocr_line' id='line_1_20' title="bbox 348 1756 2105 1829; baseline 0.003 -19"><span class='ocrx_word' id='word_1_137' title='bbox 348 1760 481 1810; x_wconf 87' lang='lat' dir='ltr'>tota</span> <span class='ocrx_word' id='word_1_138' title='bbox 509 1774 572 1812; x_wconf 90' lang='lat' dir='ltr'>re</span> <span class='ocrx_word' id='word_1_139' title='bbox 602 1764 664 1812; x_wconf 92' lang='lat' dir='ltr'>et</span> <span class='ocrx_word' id='word_1_140' title='bbox 692 1774 875 1812; x_wconf 86' lang='lat' dir='ltr'>causa</span> <span class='ocrx_word' id='word_1_141' title='bbox 894 1756 1195 1829; x_wconf 86' lang='lat' dir='ltr'>judicarit.</span> <span class='ocrx_word' id='word_1_142' title='bbox 1283 1757 1372 1814; x_wconf 91' lang='lat' dir='ltr'>At</span> <span class='ocrx_word' id='word_1_143' title='bbox 1402 1775 1543 1814; x_wconf 89' lang='lat' dir='ltr'>vero</span> <span class='ocrx_word' id='word_1_144' title='bbox 1576 1758 1640 1815; x_wconf 82' lang='lat' dir='ltr'>O.</span> <span class='ocrx_word' id='word_1_145' title='bbox 1681 1758 1908 1815; x_wconf 82' lang='lat' dir='ltr'>Caesar</span> <span class='ocrx_word' id='word_1_146' title='bbox 1937 1758 2105 1815; x_wconf 86' lang='lat' dir='ltr'>intel·</span> 
     </span>
    </p>

    <p class='ocr_par' dir='ltr' id='par_1_5' title="bbox 245 1833 2107 2229">
     <span class='ocr_line' id='line_1_21' title="bbox 245 1833 2104 1910; baseline 0.004 -22"><span class='ocrx_word' id='word_1_147' title='bbox 245 1833 319 1890; x_wconf 84' lang='lat'>20</span> <span class='ocrx_word' id='word_1_148' title='bbox 349 1833 488 1907; x_wconf 81' lang='lat' dir='ltr'>ligit</span> <span class='ocrx_word' id='word_1_149' title='bbox 525 1835 719 1909; x_wconf 81' lang='lat' dir='ltr'>legem</span> <span class='ocrx_word' id='word_1_150' title='bbox 762 1835 1182 1910; x_wconf 86' lang='lat' dir='ltr'>Semproniam</span> <span class='ocrx_word' id='word_1_151' title='bbox 1219 1854 1351 1893; x_wconf 84' lang='lat' dir='ltr'>esse</span> <span class='ocrx_word' id='word_1_152' title='bbox 1398 1837 1471 1893; x_wconf 89' lang='lat' dir='ltr'>de</span> <span class='ocrx_word' id='word_1_153' title='bbox 1521 1838 1753 1894; x_wconf 84' lang='lat' dir='ltr'>civibus</span> <span class='ocrx_word' id='word_1_154' title='bbox 1804 1839 2104 1895; x_wconf 84' lang='lat' dir='ltr'>Romanis</span> 
     </span>
     <span class='ocr_line' id='line_1_22' title="bbox 350 1915 2103 1989; baseline 0.002 -20"><span class='ocrx_word' id='word_1_155' title='bbox 350 1915 778 1986; x_wconf 90' lang='lat' dir='ltr'>constitutam;</span> <span class='ocrx_word' id='word_1_156' title='bbox 820 1916 922 1989; x_wconf 90' lang='lat' dir='ltr'>qui</span> <span class='ocrx_word' id='word_1_157' title='bbox 954 1922 1154 1971; x_wconf 89' lang='lat' dir='ltr'>autem</span> <span class='ocrx_word' id='word_1_158' title='bbox 1187 1916 1271 1972; x_wconf 87' lang='lat' dir='ltr'>rei</span> <span class='ocrx_word' id='word_1_159' title='bbox 1301 1917 1576 1989; x_wconf 87' lang='lat' dir='ltr'>publicae</span> <span class='ocrx_word' id='word_1_160' title='bbox 1607 1917 1689 1973; x_wconf 86' lang='lat' dir='ltr'>sit</span> <span class='ocrx_word' id='word_1_161' title='bbox 1721 1916 1933 1988; x_wconf 79' lang='lat' dir='ltr'>hostiS‚</span> <span class='ocrx_word' id='word_1_162' title='bbox 1966 1936 2103 1975; x_wconf 90' lang='lat' dir='ltr'>eum</span> 
     </span>
     <span class='ocr_line' id='line_1_23' title="bbox 350 1993 2107 2071; baseline 0.003 -22"><span class='ocrx_word' id='word_1_163' title='bbox 350 1993 543 2050; x_wconf 82' lang='lat' dir='ltr'>civem</span> <span class='ocrx_word' id='word_1_164' title='bbox 589 1995 750 2051; x_wconf 89' lang='lat' dir='ltr'>nullo</span> <span class='ocrx_word' id='word_1_165' title='bbox 781 1995 959 2051; x_wconf 89' lang='lat' dir='ltr'>modo</span> <span class='ocrx_word' id='word_1_166' title='bbox 995 2012 1126 2051; x_wconf 90' lang='lat' dir='ltr'>esse</span> <span class='ocrx_word' id='word_1_167' title='bbox 1170 2012 1386 2068; x_wconf 90' lang='lat' dir='ltr'>posse:</span> <span class='ocrx_word' id='word_1_168' title='bbox 1431 1997 1686 2071; x_wconf 88' lang='lat' dir='ltr'>denique</span> <span class='ocrx_word' id='word_1_169' title='bbox 1729 1997 1929 2070; x_wconf 86' lang='lat' dir='ltr'>ipsum</span> <span class='ocrx_word' id='word_1_170' title='bbox 1959 1999 2107 2054; x_wconf 91' lang='lat' dir='ltr'>lato-</span> 
     </span>
     <span class='ocr_line' id='line_1_24' title="bbox 350 2073 2106 2152; baseline 0.002 -24"><span class='ocrx_word' id='word_1_171' title='bbox 350 2088 474 2129; x_wconf 87' lang='lat' dir='ltr'>rem</span> <span class='ocrx_word' id='word_1_172' title='bbox 509 2073 896 2148; x_wconf 84' lang='lat' dir='ltr'>Semproniae</span> <span class='ocrx_word' id='word_1_173' title='bbox 928 2073 1083 2147; x_wconf 83' lang='lat' dir='ltr'>legis</span> <span class='ocrx_word' id='word_1_174' title='bbox 1103 2076 1280 2148; x_wconf 90' lang='lat' dir='ltr'>jussu</span> <span class='ocrx_word' id='word_1_175' title='bbox 1309 2076 1517 2150; x_wconf 89' lang='lat' dir='ltr'>populi</span> <span class='ocrx_word' id='word_1_176' title='bbox 1549 2093 1774 2150; x_wconf 86' lang='lat' dir='ltr'>poenas</span> <span class='ocrx_word' id='word_1_177' title='bbox 1804 2078 1888 2133; x_wconf 92' lang='lat' dir='ltr'>rei</span> <span class='ocrx_word' id='word_1_178' title='bbox 1917 2076 2106 2152; x_wconf 89' lang='lat' dir='ltr'>publi-</span> 
     </span>
     <span class='ocr_line' id='line_1_25' title="bbox 352 2153 2102 2229; baseline 0.002 -21"><span class='ocrx_word' id='word_1_179' title='bbox 352 2170 454 2209; x_wconf 87' lang='lat' dir='ltr'>cae</span> <span class='ocrx_word' id='word_1_180' title='bbox 485 2153 855 2226; x_wconf 88' lang='lat' dir='ltr'>dependisse.</span> <span class='ocrx_word' id='word_1_181' title='bbox 941 2154 1113 2210; x_wconf 90' lang='lat' dir='ltr'>Idem</span> <span class='ocrx_word' id='word_1_182' title='bbox 1143 2154 1338 2228; x_wconf 89' lang='lat' dir='ltr'>ipsum</span> <span class='ocrx_word' id='word_1_183' title='bbox 1379 2154 1723 2225; x_wconf 87' lang='lat' dir='ltr'>Lentulum,</span> <span class='ocrx_word' id='word_1_184' title='bbox 1756 2156 2102 2229; x_wconf 82' lang='lat' dir='ltr'>largitorem</span> 
     </span>
    </p>

    <p class='ocr_par' dir='ltr' id='par_1_6' title="bbox 247 2232 2106 2626">
     <span class='ocr_line' id='line_1_26' title="bbox 247 2232 2105 2309; baseline 0.003 -22"><span class='ocrx_word' id='word_1_185' title='bbox 247 2232 321 2287; x_wconf 82' lang='lat'>25</span> <span class='ocrx_word' id='word_1_186' title='bbox 351 2237 414 2287; x_wconf 90' lang='lat' dir='ltr'>et</span> <span class='ocrx_word' id='word_1_187' title='bbox 441 2234 777 2306; x_wconf 86' lang='lat' dir='ltr'>prodigum,</span> <span class='ocrx_word' id='word_1_188' title='bbox 810 2250 928 2288; x_wconf 90' lang='lat' dir='ltr'>non</span> <span class='ocrx_word' id='word_1_189' title='bbox 958 2238 1150 2307; x_wconf 91' lang='lat' dir='ltr'>putat,</span> <span class='ocrx_word' id='word_1_190' title='bbox 1183 2252 1318 2290; x_wconf 87' lang='lat' dir='ltr'>cum</span> <span class='ocrx_word' id='word_1_191' title='bbox 1347 2235 1419 2290; x_wconf 91' lang='lat' dir='ltr'>de</span> <span class='ocrx_word' id='word_1_192' title='bbox 1447 2236 1706 2309; x_wconf 86' lang='lat' dir='ltr'>pernicie</span> <span class='ocrx_word' id='word_1_193' title='bbox 1747 2237 1956 2309; x_wconf 89' lang='lat' dir='ltr'>populi</span> <span class='ocrx_word' id='word_1_194' title='bbox 1986 2236 2105 2292; x_wconf 81' lang='lat' dir='ltr'>Ro-</span> 
     </span>
     <span class='ocr_line' id='line_1_27' title="bbox 353 2311 2105 2385; baseline 0.001 -18"><span class='ocrx_word' id='word_1_195' title='bbox 353 2313 535 2382; x_wconf 86' lang='lat' dir='ltr'>mani,</span> <span class='ocrx_word' id='word_1_196' title='bbox 567 2312 750 2369; x_wconf 84' lang='lat' dir='ltr'>exitio</span> <span class='ocrx_word' id='word_1_197' title='bbox 795 2311 972 2385; x_wconf 87' lang='lat' dir='ltr'>hujus</span> <span class='ocrx_word' id='word_1_198' title='bbox 1003 2313 1170 2370; x_wconf 88' lang='lat' dir='ltr'>urbis</span> <span class='ocrx_word' id='word_1_199' title='bbox 1200 2320 1325 2370; x_wconf 91' lang='lat' dir='ltr'>tam</span> <span class='ocrx_word' id='word_1_200' title='bbox 1359 2315 1582 2383; x_wconf 89' lang='lat' dir='ltr'>acerbe,</span> <span class='ocrx_word' id='word_1_201' title='bbox 1616 2320 1742 2370; x_wconf 91' lang='lat' dir='ltr'>tam</span> <span class='ocrx_word' id='word_1_202' title='bbox 1786 2316 2105 2372; x_wconf 87' lang='lat' dir='ltr'>crudeliter</span> 
     </span>
     <span class='ocr_line' id='line_1_28' title="bbox 354 2392 2102 2469; baseline 0.001 -22"><span class='ocrx_word' id='word_1_203' title='bbox 354 2392 654 2465; x_wconf 86' lang='lat' dir='ltr'>cogitarit,</span> <span class='ocrx_word' id='word_1_204' title='bbox 695 2392 880 2448; x_wconf 89' lang='lat' dir='ltr'>etiam</span> <span class='ocrx_word' id='word_1_205' title='bbox 924 2393 1211 2466; x_wconf 90' lang='lat' dir='ltr'>appellari</span> <span class='ocrx_word' id='word_1_206' title='bbox 1252 2411 1430 2467; x_wconf 88' lang='lat' dir='ltr'>posse</span> <span class='ocrx_word' id='word_1_207' title='bbox 1471 2394 1854 2469; x_wconf 88' lang='lat' dir='ltr'>popularem:</span> <span class='ocrx_word' id='word_1_208' title='bbox 1899 2394 2102 2468; x_wconf 89' lang='lat' dir='ltr'>itaque</span> 
     </span>
     <span class='ocr_line' id='line_1_29' title="bbox 353 2469 2100 2545; baseline 0.001 -18"><span class='ocrx_word' id='word_1_209' title='bbox 353 2469 534 2528; x_wconf 91' lang='lat' dir='ltr'>homo</span> <span class='ocrx_word' id='word_1_210' title='bbox 576 2471 934 2527; x_wconf 90' lang='lat' dir='ltr'>mitissimus</span> <span class='ocrx_word' id='word_1_211' title='bbox 975 2478 1155 2545; x_wconf 89' lang='lat' dir='ltr'>atque</span> <span class='ocrx_word' id='word_1_212' title='bbox 1198 2472 1541 2529; x_wconf 83' lang='lat' dir='ltr'>lenissimus</span> <span class='ocrx_word' id='word_1_213' title='bbox 1584 2491 1704 2530; x_wconf 89' lang='lat' dir='ltr'>non</span> <span class='ocrx_word' id='word_1_214' title='bbox 1749 2474 1987 2531; x_wconf 89' lang='lat' dir='ltr'>dubitat</span> <span class='ocrx_word' id='word_1_215' title='bbox 2033 2473 2100 2528; x_wconf 93' lang='lat' dir='ltr'>P.</span> 
     </span>
     <span class='ocr_line' id='line_1_30' title="bbox 356 2548 2106 2626; baseline 0 -19"><span class='ocrx_word' id='word_1_216' title='bbox 356 2548 682 2607; x_wconf 88' lang='lat' dir='ltr'>Lentulum</span> <span class='ocrx_word' id='word_1_217' title='bbox 726 2551 985 2607; x_wconf 89' lang='lat' dir='ltr'>aeternis</span> <span class='ocrx_word' id='word_1_218' title='bbox 1014 2552 1281 2607; x_wconf 88' lang='lat' dir='ltr'>tenebris</span> <span class='ocrx_word' id='word_1_219' title='bbox 1311 2552 1684 2626; x_wconf 85' lang='lat' dir='ltr'>vinculisque</span> <span class='ocrx_word' id='word_1_220' title='bbox 1730 2554 2012 2610; x_wconf 87' lang='lat' dir='ltr'>mandare</span> <span class='ocrx_word' id='word_1_221' title='bbox 2041 2555 2106 2607; x_wconf 88' lang='lat' dir='ltr'>et</span> 
     </span>
    </p>

    <p class='ocr_par' dir='ltr' id='par_1_7' title="bbox 249 2631 2106 3022">
     <span class='ocr_line' id='line_1_31' title="bbox 249 2631 2105 2707; baseline 0.001 -22"><span class='ocrx_word' id='word_1_222' title='bbox 249 2631 323 2685; x_wconf 88' lang='lat'>30</span> <span class='ocrx_word' id='word_1_223' title='bbox 355 2632 551 2698; x_wconf 87' lang='lat' dir='ltr'>sancit</span> <span class='ocrx_word' id='word_1_224' title='bbox 579 2632 638 2687; x_wconf 90' lang='lat' dir='ltr'>in</span> <span class='ocrx_word' id='word_1_225' title='bbox 683 2636 1008 2704; x_wconf 88' lang='lat' dir='ltr'>posterum,</span> <span class='ocrx_word' id='word_1_226' title='bbox 1042 2648 1113 2687; x_wconf 93' lang='lat' dir='ltr'>ne</span> <span class='ocrx_word' id='word_1_227' title='bbox 1144 2631 1279 2705; x_wconf 90' lang='lat' dir='ltr'>quis</span> <span class='ocrx_word' id='word_1_228' title='bbox 1323 2631 1497 2704; x_wconf 82' lang='lat' dir='ltr'>hujus</span> <span class='ocrx_word' id='word_1_229' title='bbox 1528 2632 1819 2707; x_wconf 85' lang='lat' dir='ltr'>supplicio</span> <span class='ocrx_word' id='word_1_230' title='bbox 1847 2631 2105 2689; x_wconf 90' lang='lat' dir='ltr'>levando</span> 
     </span>
     <span class='ocr_line' id='line_1_32' title="bbox 355 2710 2106 2787; baseline 0 -22"><span class='ocrx_word' id='word_1_231' title='bbox 355 2727 418 2766; x_wconf 88' lang='lat' dir='ltr'>se</span> <span class='ocrx_word' id='word_1_232' title='bbox 446 2713 681 2784; x_wconf 70' lang='lat' dir='ltr'>jactare</span> <span class='ocrx_word' id='word_1_233' title='bbox 725 2715 785 2767; x_wconf 89' lang='lat' dir='ltr'>et</span> <span class='ocrx_word' id='word_1_234' title='bbox 826 2710 887 2766; x_wconf 91' lang='lat' dir='ltr'>in</span> <span class='ocrx_word' id='word_1_235' title='bbox 929 2710 1251 2783; x_wconf 86' lang='lat' dir='ltr'>perniciem</span> <span class='ocrx_word' id='word_1_236' title='bbox 1296 2711 1501 2784; x_wconf 88' lang='lat' dir='ltr'>populi</span> <span class='ocrx_word' id='word_1_237' title='bbox 1545 2711 1811 2768; x_wconf 86' lang='lat' dir='ltr'>Romani</span> <span class='ocrx_word' id='word_1_238' title='bbox 1852 2710 2106 2787; x_wconf 87' lang='lat' dir='ltr'>posthac</span> 
     </span>
     <span class='ocr_line' id='line_1_33' title="bbox 353 2790 2104 2866; baseline -0.001 -21"><span class='ocrx_word' id='word_1_239' title='bbox 353 2791 664 2864; x_wconf 84' lang='lat' dir='ltr'>popularis</span> <span class='ocrx_word' id='word_1_240' title='bbox 694 2807 825 2846; x_wconf 86' lang='lat' dir='ltr'>esse</span> <span class='ocrx_word' id='word_1_241' title='bbox 855 2790 1081 2862; x_wconf 87' lang='lat' dir='ltr'>possit:</span> <span class='ocrx_word' id='word_1_242' title='bbox 1120 2791 1395 2864; x_wconf 85' lang='lat' dir='ltr'>adjungit</span> <span class='ocrx_word' id='word_1_243' title='bbox 1424 2791 1606 2847; x_wconf 85' lang='lat' dir='ltr'>etiam</span> <span class='ocrx_word' id='word_1_244' title='bbox 1637 2792 2104 2866; x_wconf 87' lang='lat' dir='ltr'>publicationem</span> 
     </span>
     <span class='ocr_line' id='line_1_34' title="bbox 354 2869 2106 2946; baseline -0.001 -22"><span class='ocrx_word' id='word_1_245' title='bbox 354 2869 664 2938; x_wconf 85' lang='lat' dir='ltr'>bonorum,</span> <span class='ocrx_word' id='word_1_246' title='bbox 691 2875 757 2925; x_wconf 93' lang='lat' dir='ltr'>ut</span> <span class='ocrx_word' id='word_1_247' title='bbox 780 2886 986 2924; x_wconf 89' lang='lat' dir='ltr'>omnes</span> <span class='ocrx_word' id='word_1_248' title='bbox 1017 2869 1200 2925; x_wconf 89' lang='lat' dir='ltr'>animi</span> <span class='ocrx_word' id='word_1_249' title='bbox 1225 2870 1527 2926; x_wconf 90' lang='lat' dir='ltr'>cruciatus</span> <span class='ocrx_word' id='word_1_250' title='bbox 1548 2878 1610 2928; x_wconf 91' lang='lat' dir='ltr'>et</span> <span class='ocrx_word' id='word_1_251' title='bbox 1634 2872 1897 2946; x_wconf 88' lang='lat' dir='ltr'>corporis</span> <span class='ocrx_word' id='word_1_252' title='bbox 1919 2870 2106 2927; x_wconf 90' lang='lat' dir='ltr'>etiam</span> 
     </span>
     <span class='ocr_line' id='line_1_35' title="bbox 356 2948 1527 3022; baseline 0.004 -21"><span class='ocrx_word' id='word_1_253' title='bbox 356 2953 697 3019; x_wconf 75' lang='lat' dir='ltr'>egestas&#39;ac</span> <span class='ocrx_word' id='word_1_254' title='bbox 729 2948 1082 3004; x_wconf 88' lang='lat' dir='ltr'>mendicitas</span> <span class='ocrx_word' id='word_1_255' title='bbox 1114 2955 1527 3022; x_wconf 90' lang='lat' dir='ltr'>consequatur.</span> 
     </span>
    </p>

    <p class='ocr_par' dir='ltr' id='par_1_8' title="bbox 252 3025 2130 3419">
     <span class='ocr_line' id='line_1_36' title="bbox 252 3025 2107 3100; baseline 0.002 -19"><span class='ocrx_word' id='word_1_256' title='bbox 252 3026 325 3081; x_wconf 87' lang='lat'>35</span> <span class='ocrx_word' id='word_1_257' title='bbox 439 3028 488 3081; x_wconf 89' lang='grc'>6.</span> <span class='ocrx_word' id='word_1_258' title='bbox 538 3025 957 3094; x_wconf 81' lang='lat' dir='ltr'>Quamobrem,</span> <span class='ocrx_word' id='word_1_259' title='bbox 982 3028 1109 3083; x_wconf 82' lang='lat' dir='ltr'>sive</span> <span class='ocrx_word' id='word_1_260' title='bbox 1136 3028 1247 3085; x_wconf 90' lang='lat' dir='ltr'>hoc</span> <span class='ocrx_word' id='word_1_261' title='bbox 1273 3029 1625 3100; x_wconf 88' lang='lat' dir='ltr'>statueritis,</span> <span class='ocrx_word' id='word_1_262' title='bbox 1649 3030 1934 3088; x_wconf 87' lang='lat' dir='ltr'>dederitis</span> <span class='ocrx_word' id='word_1_263' title='bbox 1952 3025 2107 3084; x_wconf 82' lang='lat' dir='ltr'>mihi</span> 
     </span>
     <span class='ocr_line' id='line_1_37' title="bbox 358 3103 2110 3185; baseline 0.003 -30"><span class='ocrx_word' id='word_1_264' title='bbox 358 3103 639 3156; x_wconf 86' lang='lat' dir='ltr'>comitem</span> <span class='ocrx_word' id='word_1_265' title='bbox 686 3103 760 3154; x_wconf 90' lang='lat' dir='ltr'>ad</span> <span class='ocrx_word' id='word_1_266' title='bbox 803 3105 1147 3161; x_wconf 79' lang='lat' dir='ltr'>concionem</span> <span class='ocrx_word' id='word_1_267' title='bbox 1191 3108 1411 3181; x_wconf 91' lang='lat' dir='ltr'>populo</span> <span class='ocrx_word' id='word_1_268' title='bbox 1442 3126 1643 3165; x_wconf 89' lang='lat' dir='ltr'>carum</span> <span class='ocrx_word' id='word_1_269' title='bbox 1679 3117 1859 3185; x_wconf 88' lang='lat' dir='ltr'>atque</span> <span class='ocrx_word' id='word_1_270' title='bbox 1899 3110 2110 3182; x_wconf 81' lang='lat' dir='ltr'>jucun·</span> 
     </span>
     <span class='ocr_line' id='line_1_38' title="bbox 363 3175 2110 3258; baseline 0.007 -27"><span class='ocrx_word' id='word_1_271' title='bbox 363 3178 524 3242; x_wconf 88' lang='lat' dir='ltr'>dum,</span> <span class='ocrx_word' id='word_1_272' title='bbox 559 3176 686 3230; x_wconf 88' lang='lat' dir='ltr'>sive</span> <span class='ocrx_word' id='word_1_273' title='bbox 733 3175 916 3240; x_wconf 82' lang='lat' dir='ltr'>Silani</span> <span class='ocrx_word' id='word_1_274' title='bbox 951 3186 1312 3239; x_wconf 82' lang='lat' dir='ltr'>sententiam</span> <span class='ocrx_word' id='word_1_275' title='bbox 1356 3188 1526 3258; x_wconf 87' lang='lat' dir='ltr'>sequi</span> <span class='ocrx_word' id='word_1_276' title='bbox 1557 3189 1902 3258; x_wconf 81' lang='lat' dir='ltr'>malueritiS,</span> <span class='ocrx_word' id='word_1_277' title='bbox 1934 3181 2110 3244; x_wconf 69' lang='lat' dir='ltr'>facile</span> 
     </span>
     <span class='ocr_line' id='line_1_39' title="bbox 362 3254 2116 3336; baseline 0.01 -32"><span class='ocrx_word' id='word_1_278' title='bbox 362 3269 457 3304; x_wconf 90' lang='lat' dir='ltr'>me</span> <span class='ocrx_word' id='word_1_279' title='bbox 501 3258 678 3322; x_wconf 82' lang='lat' dir='ltr'>atque</span> <span class='ocrx_word' id='word_1_280' title='bbox 704 3266 812 3330; x_wconf 82' lang='lat' dir='ltr'>vos</span> <span class='ocrx_word' id='word_1_281' title='bbox 842 3254 1214 3314; x_wconf 84' lang='lat' dir='ltr'>crudelitatis</span> <span class='ocrx_word' id='word_1_282' title='bbox 1237 3263 1681 3335; x_wconf 85' lang='lat' dir='ltr'>vituperatione</span> <span class='ocrx_word' id='word_1_283' title='bbox 1712 3261 2116 3336; x_wconf 51' lang='lat' dir='ltr'>exsolveritiss,</span> 
     </span>
     <span class='ocr_line' id='line_1_40' title="bbox 368 3324 2130 3419; baseline 0.016 -42"><span class='ocrx_word' id='word_1_284' title='bbox 368 3329 547 3394; x_wconf 85' lang='lat' dir='ltr'>atque</span> <span class='ocrx_word' id='word_1_285' title='bbox 579 3324 860 3380; x_wconf 90' lang='lat' dir='ltr'>obtinebo</span> <span class='ocrx_word' id='word_1_286' title='bbox 889 3344 1021 3383; x_wconf 86' lang='lat' dir='ltr'>eam</span> <span class='ocrx_word' id='word_1_287' title='bbox 1063 3337 1253 3391; x_wconf 89' lang='lat' dir='ltr'>multo</span> <span class='ocrx_word' id='word_1_288' title='bbox 1288 3338 1578 3399; x_wconf 81' lang='lat' dir='ltr'>leniorem</span> <span class='ocrx_word' id='word_1_289' title='bbox 1608 3345 1808 3404; x_wconf 89' lang='lat' dir='ltr'>fuisse.</span> <span class='ocrx_word' id='word_1_290' title='bbox 1893 3347 2130 3419; x_wconf 55' lang='lat' dir='ltr'>Qum.</span> 
     </span>
    </p>
   </div>
   <div class='ocr_carea' id='block_1_3' title="bbox 2249 0 2255 1321">
    <p class='ocr_par' dir='ltr' id='par_1_9' title="bbox 2249 0 2255 1321">
     <span class='ocr_line' id='line_1_41' title="bbox 2249 0 2255 1321; baseline 0 0"><span class='ocrx_word' id='word_1_291' title='bbox 2249 0 2255 1321; x_wconf 95' lang='lat' dir='ltr'> </span> 
     </span>
    </p>
   </div>
   <div class='ocr_carea' id='block_1_4' title="bbox 2250 1484 2254 2911">
    <p class='ocr_par' dir='ltr' id='par_1_10' title="bbox 2250 1484 2254 2911">
     <span class='ocr_line' id='line_1_42' title="bbox 2250 1484 2254 2911; baseline 0 0"><span class='ocrx_word' id='word_1_292' title='bbox 2250 1484 2254 2911; x_wconf 95' lang='lat' dir='ltr'> </span> 
     </span>
    </p>
   </div>
   <div class='ocr_carea' id='block_1_5' title="bbox 2071 3377 2257 3683">
    <p class='ocr_par' dir='ltr' id='par_1_11' title="bbox 2071 3377 2257 3683">
     <span class='ocr_line' id='line_1_43' title="bbox 2071 3377 2257 3683; baseline 0 -217"><span class='ocrx_word' id='word_1_293' title='bbox 2071 3377 2257 3683; x_wconf 95' lang='lat' dir='ltr'>  </span> 
     </span>
    </p>
   </div>
  </div>
 </body>
</html>
