2284 3717
199 127 285 188 40
720 139 796 188 M.
842 139 1102 187 'runnu
1154 139 1554 187 clcnnoms

309 298 662 372 cujusquam
693 296 1033 370 suspicione
1065 296 1290 353 multos
1311 296 1499 353 fortes
1523 297 1685 353 viros
1714 296 2069 365 eduxerant,

311 382 374 433 et
418 395 532 450 ego
577 394 654 432 ex
697 371 1067 451 praefectura
1118 377 1383 433 Reatina
1424 377 1761 451 complures
1805 377 2071 433 delectos

315 457 747 526 adolescenteS,
775 474 1028 529 quorum
1060 474 1244 530 opera
1267 463 1404 512 utor
1426 458 1667 512 assidue
1696 457 1758 511 in
1788 474 1853 513 re
1883 457 2072 531 publi-

317 554 401 604 ca,
428 537 726 611 praesidio
766 553 899 591 cum
936 536 1162 609 gladiis
1207 537 1503 593 miseram.
1590 536 1846 593 Interim
1892 537 2072 592 tertia

251 618 285 674 5
316 617 437 672 fere
462 617 674 689 vigilia
697 622 925 680 exacta,
948 634 1083 671 cum
1103 617 1230 689 jam
1253 623 1495 689 pontem
1522 615 1826 672 Mulvium
1849 633 2073 689 magno

318 696 611 753 comitatu
643 695 829 769 legati
864 695 1264 768 Allobrogum
1308 695 1541 768 ingredi
1574 696 1908 769 inciperent
1937 714 2076 751 una-

321 794 435 850 que
466 775 835 844 VolturciuS,
869 773 934 830 fit
962 774 1022 829 in
1053 792 1159 830 eos
1200 775 1497 847 impetus;
1542 776 1882 830 educuntur
1909 781 1973 831 et
2003 775 2074 831 ab

316 856 437 911 illis
469 855 656 928 gladii
687 861 748 911 et
779 872 814 910 a
843 855 1081 911 nostris,
1137 851 1299 911 'Res
1340 855 1723 928 praetoribus
1764 859 1901 910 erat
1937 860 2080 911 nota

322 935 483 1003 soliS,
516 934 909 1008 ignorabatur
939 951 974 989 a
1003 934 1233 990 ceteris

222 1015 291 1073 10
402 1018 453 1071 3.
501 1015 659 1070 Tum
690 1014 1032 1069 interventu
1064 1013 1375 1087 Pomptini
1407 1018 1586 1088 atque
1618 1012 1819 1069 Flacci
1849 1030 2079 1087 pugna,

324 1112 475 1168 quae
510 1104 640 1149 erat
679 1093 1018 1162 commissa,
1053 1093 1333 1166 sedatur3
1375 1093 1632 1162 litterae,
1667 1109 2081 1166 quaecumque

322 1180 495 1229 erant
519 1173 581 1228 in
611 1189 681 1229 eo
711 1172 1022 1242 comitatu,
1050 1173 1303 1246 integris
1334 1172 1525 1246 signis
1552 1172 1941 1247 praetoribus
1971 1178 2086 1228 tra-

325 1253 587 1325 duntur3
632 1252 748 1325 ipsi
792 1251 1208 1325 comprehensi
1253 1252 1330 1308 ad
1378 1270 1489 1321 me,
1522 1269 1657 1308 cum
1691 1253 1819 1324 jam
1867 1252 2086 1308 diluce-

325 1338 532 1401 sceret,
559 1332 952 1388 deducuntur.
1013 1331 1221 1405 Atque
1249 1330 1460 1387 horum
1492 1331 1757 1388 omnium
1791 1331 2086 1387 scelerum

222 1412 293 1469 15
324 1411 833 1486 improbissimum
879 1410 1354 1467 machinatorem
1399 1411 1710 1468 Cimbrum
1758 1410 2088 1469 Gabinium

326 1491 533 1547 statim
603 1491 680 1547 ad
747 1507 860 1560 me,
919 1490 1071 1547 nihil
1135 1491 1278 1546 dum
1350 1491 1776 1563 suspicantem,
1835 1490 2087 1563 vocavi3

326 1571 542 1627 deinde
571 1571 719 1626 item
762 1571 1086 1626 arcessitus
1130 1575 1225 1625 est
1257 1570 1325 1625 L.
1361 1569 1642 1626 Statilius
1683 1575 1746 1625 et
1772 1576 1916 1642 post
1944 1587 2087 1626 eum

330 1649 395 1708 O.
447 1649 797 1723 Cethegus;
868 1649 1216 1705 tardissime
1277 1655 1480 1705 autem
1540 1649 1840 1706 Lentulus
1899 1650 2086 1719 venit,

330 1729 504 1785 credo
536 1730 694 1802 quod
727 1730 787 1783 in
818 1729 1036 1785 litteris
1067 1729 1285 1786 dandis
1324 1735 1561 1802 praeter
1589 1729 2088 1785 consuetudinem

225 1811 300 1866 20
328 1809 606 1882 proxima
630 1814 801 1864 nocte
825 1807 1131 1880 vigilarat.
1183 1808 1337 1864 Cum
1363 1809 1614 1864 summis
1640 1826 1709 1864 ac
1731 1809 2090 1864 clarissimis

332 1887 508 1961 hujus
538 1888 808 1944 civitatis
840 1888 1005 1957 viriS,
1038 1888 1137 1961 qui
1173 1888 1382 1943 audita
1404 1906 1466 1944 re
1498 1888 1840 1961 frequentes
1886 1889 1963 1944 ad
1993 1895 2089 1944 me

330 1986 504 2024 mane
535 1975 958 2037 convenerant,
992 1966 1229 2023 litteras
1268 1985 1303 2022 a
1331 1985 1426 2023 me
1456 1968 1622 2041 prius
1654 1967 1871 2041 aperiri
1904 1986 2090 2043 quam

334 2048 409 2104 ad
462 2054 742 2104 senatum
792 2047 1101 2115 deferrem,
1151 2046 1428 2120 placeret,
1477 2065 1569 2116 ne,
1618 2047 1670 2103 si
1725 2047 1878 2103 nihil
1929 2054 2093 2104 esset

332 2127 662 2194 inventum,
710 2133 934 2183 temere
990 2145 1025 2182 a
1068 2144 1166 2181 me
1215 2132 1424 2182 tantus
1478 2127 1776 2182 tumultus
1834 2126 2094 2200 injectus

228 2207 301 2263 25
333 2206 566 2262 civitati
611 2206 931 2275 videretur,
977 2205 1199 2279 negavi
1249 2224 1344 2261 me
1388 2223 1519 2262 esse
1563 2206 1861 2262 facturum
1912 2212 1980 2263 ut
2018 2207 2093 2263 de

332 2285 597 2358 periculo
645 2286 882 2360 publico
933 2303 1054 2341 non
1105 2286 1181 2341 ad
1232 2285 1551 2342 consilium
1608 2285 1916 2359 publicum
1965 2304 2095 2343 rem

332 2365 631 2439 integram
674 2366 979 2421 deferrem.
1068 2365 1329 2435 Etenim,
1378 2365 1665 2437 Quirites,
1711 2365 1761 2421 si
1805 2383 1895 2434 ea,
1938 2384 2095 2441 quae

333 2452 506 2500 erant
548 2445 627 2500 ad
669 2463 764 2500 me
795 2445 1011 2513 delata,
1045 2451 1284 2518 reperta
1326 2461 1445 2501 non
1475 2449 1697 2513 essent,
1728 2450 1935 2500 tamen
1978 2463 2095 2519 ego

336 2540 457 2580 non
502 2524 837 2580 arbitrabar
877 2525 939 2579 in
970 2525 1161 2581 tantis
1203 2524 1288 2580 rei
1327 2524 1603 2597 publicae
1644 2523 1931 2597 periculis
1960 2542 2096 2581 esse

230 2605 306 2661 30
337 2603 488 2659 mihi
512 2604 760 2660 nimiam
780 2603 1161 2676 diligentiam
1181 2604 1739 2677 pertimescendam.
1796 2602 2097 2660 Senatum

337 2682 710 2757 frequentem
739 2684 1026 2752 celeriter,
1052 2688 1121 2738 ut
1151 2683 1413 2752 vidistis,
1445 2684 1630 2756 coegi.
1709 2681 1916 2757 Atque
1947 2682 2099 2740 inte-

335 2780 438 2819 rea
460 2763 669 2819 statim
695 2762 1010 2818 admonitu
1041 2762 1445 2835 Allobrogum
1473 2762 1539 2820 O.
1568 2762 1901 2835 Sulpicium
1931 2781 2096 2837 prae-

335 2847 545 2912 torem,-
577 2843 793 2898 fortem
826 2842 1037 2911 virum,
1070 2841 1226 2909 misi,
1260 2842 1362 2915 qui
1406 2860 1480 2897 ex
1523 2842 1773 2898 aedibus
1812 2840 2096 2917 Cethegi,

339 2922 390 2977 si
421 2922 562 2995 quid
594 2922 849 2977 telorum
880 2926 1058 2990 esset,
1091 2921 1361 2993 efferret3
1404 2939 1479 2977 ex
1507 2922 1733 2995 quibus⁴
1765 2920 1866 2976 ille
1906 2924 2101 2979 maxi-

230 3002 306 3065 35
336 3018 499 3055 mum
535 3000 790 3055 sicarum
821 3018 1137 3056 numerum
1168 3006 1228 3056 et
1257 3000 1596 3074 gladiorum
1625 3000 1857 3057 extulit.

418 3083 469 3135 4.
515 3079 833 3135 Introduxi
860 3079 1241 3135 Volturcium
1277 3082 1402 3136 sine
1429 3079 1622 3137 Gallis
1647 3101 1661 3153 ;
1693 3079 1868 3136 fidem
1898 3081 2100 3154 publi-

335 3173 469 3212 cam
500 3159 678 3228 jussu
721 3165 969 3213 senatus
992 3158 1169 3230 dedi3
1218 3159 1496 3216 hortatus
1539 3178 1691 3228 sum,
1724 3164 1792 3215 ut
1820 3177 1913 3230 ea,
1939 3179 2098 3236 quae

338 3236 533 3305 sciret,
561 3237 688 3291 sine
712 3237 928 3292 timore
958 3236 1265 3294 indicaret.
1328 3238 1482 3294 Tum
1512 3239 1613 3296 ille
1637 3239 1804 3309 dixit,
1827 3257 1967 3296 cum
1993 3242 2100 3300 vix

338 3326 402 3365 se
425 3328 500 3374 ex
522 3330 745 3386 magno
772 3314 986 3375 timore
1015 3322 1362 3388 recreasset,
1389 3317 1463 3374 ab
1486 3318 1748 3383 Lentulo
1778 3335 1843 3375 se
1868 3317 2100 3380 habere
