2284 3717
232 149 316 214 68
751 166 826 214 M.
865 166 1123 213 'runnu
1174 166 1572 213 cronnoms

334 324 527 379 antur.
618 320 716 381 sit
760 322 964 397 igitur,
1002 322 1261 397 judiceS,
1304 327 1579 380 sanctum
1625 322 1788 396 apud
1830 341 1963 395 vos,
1996 323 2103 382 hu-

335 401 726 460 manissimos
756 402 1046 473 homincS,
1080 402 1193 460 hoc
1226 406 1437 478 poetae
1469 419 1703 470 nomen,
1737 404 1900 477 quod
1930 406 2098 461 nulla

337 498 622 555 umquam
654 482 932 539 barbaria
955 482 1224 540 violavit.
1301 482 1463 539 Saxa
1488 486 1549 538 et
1572 481 1934 540 solitudines
1964 485 2100 541 voci

332 561 716 635 respondent,
750 562 979 619 bestiae
1023 579 1203 636 saepe
1233 562 1530 617 immanes
1560 567 1746 617 cantu
1775 562 2100 619 flectuntur

270 642 305 698 5
339 647 517 714 atque
562 641 935 699 consistunt:
996 659 1108 698 nos
1155 641 1419 699 instituti
1462 641 1642 697 rebus
1685 635 1934 715 optimis
1977 661 2097 698 non

334 723 646 792 poetarum
684 738 829 778 voce
870 719 1268 777 moveamur?
1353 721 1687 777 Homerum
1732 721 2098 796 Colophonii

335 799 526 855 civem
559 818 692 857 esse
723 801 933 857 dicunt
961 818 1157 871 suum,
1197 800 1336 859 Chii
1364 818 1540 857 suum
1573 800 1902 872 vindicant,
1932 800 2099 858 Sala-

334 878 506 935 minii
533 886 830 954 repetunt,
855 880 1176 955 Smyrnaei
1195 898 1337 937 vero
1362 897 1539 937 suum
1562 897 1695 936 esse
1721 880 2094 948 confirmant,

333 957 537 1033 itaque
567 961 753 1016 etiam
777 960 1092 1016 delubrum
1122 962 1251 1033 ejus
1280 960 1341 1015 in
1371 960 1593 1034 oppido
1624 960 2095 1032 dedicaverunt3

232 1036 304 1093 10
333 1040 617 1111 permulti
648 1040 751 1096 alii
792 1037 1103 1115 praeterea
1142 1046 1425 1115 pugnant
1454 1040 1612 1094 inter
1642 1056 1706 1095 se
1751 1045 1935 1114 atque
1964 1057 2098 1096 con·

334 1118 607 1176 tendunt.

418 1201 466 1255 9.
515 1198 680 1272 Ergo
710 1198 795 1254 illi
825 1199 1105 1269 alienum,
1129 1199 1274 1274 quia
1302 1203 1482 1273 poeta
1511 1197 1642 1266 fuit,
1665 1202 1809 1272 post
1837 1203 2093 1254 mortem

331 1277 514 1333 etiam
542 1285 862 1352 expetunt:
907 1296 1019 1335 nos
1051 1278 1210 1334 hunc
1234 1279 1444 1334 vivum
1473 1277 1576 1351 qui
1606 1283 1668 1333 et
1691 1276 2012 1334 voluntate
2034 1282 2095 1335 et

334 1356 572 1430 legibus
602 1363 807 1414 noster
834 1363 945 1428 est,
976 1355 1472 1431 repudiabimus?
1559 1355 1928 1413 Praesertim
1960 1374 2094 1413 cum

231 1437 303 1494 15
337 1454 512 1492 omne
543 1437 680 1493 olim
714 1438 981 1494 studium
1014 1443 1195 1511 atque
1225 1454 1399 1493 omne
1428 1435 1741 1510 ingenium
1771 1437 2094 1493 contulerit
2173 1483 2181 1490 .

335 1516 598 1574 Archias
628 1518 703 1573 ad
733 1517 940 1592 populi
972 1517 1234 1574 Romani
1265 1516 1519 1590 gloriam
1557 1515 1921 1590 laudemque
1952 1517 2096 1573 cele-

334 1594 668 1654 brandam?
726 1596 889 1653 Nam
917 1602 980 1653 et
1006 1596 1341 1653 Cimbricas
1371 1612 1467 1652 res
1502 1594 1851 1661 adolescens
1883 1596 2093 1670 attigit

124 1659 197 2052 X
334 1680 396 1731 et
423 1675 539 1749 ipsi
569 1676 656 1732 illi
689 1675 753 1735 G.
788 1676 1002 1745 Mari0,
1036 1675 1139 1750 qui
1170 1676 1375 1732 durior
1403 1675 1479 1732 ad
1519 1673 1666 1731 haec
1695 1675 1906 1731 studia
1936 1675 2096 1732 vide-

332 1753 526 1824 batur,
542 1756 847 1829 jucundus
876 1756 1007 1812 fuit.
1067 1755 1281 1829 Neque
1307 1754 1468 1811 enim
1493 1753 1813 1828 quisquam
1842 1760 1939 1811 est
1967 1761 2091 1812 tam

228 1833 304 1890 20
335 1851 585 1891 aversus
610 1853 646 1891 a
668 1834 866 1891 Musis
897 1835 1143 1909 quinon
1174 1834 1448 1891 mandari
1471 1833 1749 1890 versibus
1779 1839 2093 1890 aeternum

333 1930 578 1970 suorum
622 1915 897 1971 laborum
928 1915 1100 1971 facile
1142 1914 1526 1989 praeconium
1570 1913 1854 1986 patiatur.
1943 1914 2094 1971 The-

334 1992 672 2051 mistoclem
719 1995 905 2063 illum,
951 2012 1253 2050 summum
1302 1992 1562 2050 Athenis
1607 1993 1822 2062 vi1·,um
1865 1993 2092 2051 dixisse

334 2073 518 2143 aiunt,
564 2093 700 2131 cum
745 2092 820 2131 ex
863 2092 934 2130 eo
984 2080 1387 2153 quaeieretur,
1436 2071 1597 2147 quod
1651 2088 1933 2129 acroama
1990 2078 2093 2130 aut

332 2153 501 2224 cujus
546 2172 755 2211 vocem
802 2152 1203 2210 libentissime
1249 2145 1499 2219 audiret,
1544 2152 1691 2224 ejuS,
1735 2170 1771 2207 a
1813 2170 1934 2226 quo
1981 2169 2092 2209 sua

228 2231 302 2288 25
334 2231 530 2289 virtus
588 2233 813 2325 optime
858 2233 1324 2306 praedicaretur
1427 2230 1645 2305 Itaque
1700 2231 1801 2288 ille
1852 2231 2091 2289 Marius

333 2310 475 2366 item
522 2313 739 2369 eximie
787 2313 856 2370 L.
894 2312 1161 2369 Plotium
1209 2311 1434 2381 dilexit,
1478 2312 1647 2383 cujus
1697 2310 1947 2386 ingenio
1988 2330 2092 2385 pu-

243 2390 246 2394 ’
330 2391 505 2447 tabat
552 2410 641 2461 ea,
687 2411 841 2467 quae
899 2396 1189 2465 gesserat,
1236 2409 1414 2466 posse
1465 2390 1768 2449 celebrari.
1854 2390 2092 2447 Mithri-

233 2473 277 2556 *Χ
335 2470 602 2527 daticum
634 2490 774 2528 vero
817 2472 1057 2541 bellum,
1089 2489 1377 2544 magnum
1423 2475 1601 2545 atque
1646 2469 1880 2527 difficile
1924 2479 1987 2528 et
2028 2471 2092 2527 in

330 2551 524 2607 multa
563 2552 857 2608 varietate
899 2556 1059 2607 terra
1100 2551 1371 2625 marique
1416 2555 1735 2619 versatum,
1769 2551 1968 2606 totum
2013 2550 2089 2607 ab

225 2629 302 2685 30
335 2627 445 2686 hoc
469 2648 818 2704 expressum
843 2636 968 2703 est3
1013 2630 1116 2704 qui
1141 2631 1276 2686 libri
1307 2647 1424 2686 non
1448 2629 1626 2685 modo
1651 2628 1720 2685 L.
1745 2629 2087 2721 Lucullum,

332 2708 726 2766 fortissimum
758 2717 819 2767 et
848 2710 1249 2767 clarissimum
1283 2710 1494 2776 virum,
1527 2725 1737 2764 verum
1767 2697 1955 2765 etiam
1993 2728 2092 2784 po-

331 2789 457 2863 puli
500 2789 765 2846 Romani
809 2807 1028 2847 nomen
1068 2789 1392 2848 illustrant.
1481 2753 1750 2861 ’Populus
1779 2789 1941 2845 enim
1973 2789 2092 2846 Ro-

333 2885 550 2925 manus
582 2870 814 2943 aperuit
846 2869 1098 2926 Lucullo
1137 2869 1466 2943 imperante
1514 2867 1781 2923 Pontum
1812 2873 1874 2924 et
1905 2870 2090 2943 regiis

334 2949 639 3021 quondam
664 2950 880 3023 opibus
909 2954 976 3005 et
993 2948 1129 3022 ipsa
1160 2956 1378 3005 natura
1405 2953 1468 3003 et
1490 2947 1733 3020 regione
1754 2948 2086 3005 vallatum·
2069 2990 2090 3024 ,

227 3024 301 3081 35
333 3027 542 3099 populi
587 3026 850 3084 Romani
885 3028 1181 3085 exercitus
1224 3028 1436 3084 eodem
1465 3026 1613 3083 duce
1658 3043 1778 3081 non
1823 3029 2144 3092 maxima:

331 3123 515 3161 manu
545 3105 1014 3164 innumerabiles
1046 3108 1473 3163 Armeniorum
1504 3105 1707 3195 copias
1738 3105 1942 3163 fudit
1927 3127 1944 3179 3
1991 3117 2156 3183 μῆν’·

330 3184 458 3255 puli
502 3185 765 3240 Romani
809 3187 940 3241 laus
985 3192 1079 3241 est
1122 3187 1329 3241 urbem
1372 3184 1802 3242 amicissimam

334 3277 546 3316 norum
577 3264 842 3333 ejusdem
872 3265 1118 3319 consilio
1149 3283 1223 3321 ex
1252 3264 1414 3321 omni
1452 3264 1684 3336 impetu
1712 3265 1882 3338 regio
1907 3284 2002 3324 a
1987 3288 2137 3371 bn
2106 3254 2165 3285 '³‘
2191 3279 2202 3290 ·

336 3338 527 3394 to⁴ius
559 3340 697 3395 belli
728 3359 828 3398 ore
873 3359 940 3397 ac
974 3342 1250 3399 faucibus
1291 3348 1555 3418 ereptam
1587 3361 1718 3401 esse
1751 3351 1956 3424 atque
1972 3358 2045 3405 .·.-,,,-
2080 3328 2143 3379 ’5-
2183 3347 2192 3356 ’
