2284 3717
236 100 324 165 56
755 116 830 163 u.
860 115 1120 164 'runnu
1170 116 1565 165 clcnnoms

340 287 456 328 nae
514 269 898 343 lectissimae,
950 273 1147 329 virum
1201 252 1584 347 praeseutem
1617 270 1695 330 'et
1749 273 2096 332 audientem

339 350 469 407 vita
513 351 881 424 privandum
925 369 1058 409 esse
1093 352 1265 423 dixit,
1296 370 1430 410 cum
1479 371 1661 409 avum
1706 370 1885 410 suum
1919 356 2095 427 jussu
2165 393 2170 400 -

340 430 603 487 consulis
647 431 1028 488 interfectum
1068 431 1375 507 filiumque
1417 434 1546 506 eJus
1586 433 1982 506 impuberem,
2020 434 2091 491 le-

340 514 551 582 gatum
603 528 639 567 a
684 517 855 585 patre
904 511 1177 581 missum,
1225 511 1289 567 in
1339 529 1572 568 carcere
1626 519 1913 569 necatum
1961 530 2092 569 esse

272 590 308 647 5
338 587 506 645 dixit.
594 589 864 662 Quorum
893 591 1050 665 quod
1083 590 1278 647 simile
1308 588 1579 650 factum?
1664 591 1843 663 Quod
1872 591 2091 648 initum

338 667 628 726 delendae
672 670 758 726 rei
802 671 1077 744 publicae
1123 668 1486 727 consilium?
1570 669 1951 744 Largitionis
1995 688 2092 726 vo-

335 746 542 805 luntas
597 755 731 805 tum
784 749 848 805 in
894 767 959 805 re
1012 748 1253 824 publica
1290 754 1532 806 versata
1571 754 1667 806 est
1706 755 1770 806 et
1824 750 2089 824 partium

335 828 633 899 quaedam
663 829 982 886 contentiO.
1067 827 1276 902 Atque
1304 846 1376 885 eo
1405 834 1672 903 tempore
1713 828 1894 901 hujus
1940 845 2090 900 avus

339 904 603 976 Lentuli,
634 907 729 964 vir
757 907 1147 976 clarissimuS,
1173 913 1444 964 armatus
1475 907 1813 966 Gracchum
1842 915 1942 964 est
1967 925 2092 983 per-

233 983 305 1042 10
336 992 617 1060 secutus;
674 986 775 1043 ille
816 987 1001 1043 etiam
1046 1004 1235 1060 grave
1285 992 1417 1043 tum
1459 987 1680 1043 vulnus
1727 988 1973 1061 accepit,
2017 1004 2090 1043 ne

334 1064 481 1137 quid
528 1065 601 1122 de
645 1083 882 1128 summa
926 1084 987 1122 re
1035 1065 1277 1140 publica
1322 1065 1802 1139 deminueretur3
1861 1066 1961 1123 hic
2014 1065 2089 1122 ad

334 1145 660 1201 evertenda
700 1145 784 1201 rei
825 1145 1102 1220 publicae
1139 1145 1536 1202 fundamenta
1565 1145 1776 1204 Gallos
1818 1145 2085 1214 arcessit,

334 1223 584 1279 servitia
612 1224 891 1294 concitat,
928 1224 1256 1281 Catilinam
1285 1228 1481 1294 vocat,
1515 1224 1796 1281 attribuit
1822 1242 1939 1281 nos
1974 1231 2090 1281 tru-

333 1301 622 1359 cidandos
655 1302 927 1376 Cethego
956 1309 1018 1360 et
1047 1309 1279 1368 ceteros
1307 1304 1471 1359 cives
1496 1302 1947 1361 interficiendos
1978 1303 2089 1361 Ga·

233 1380 302 1437 15
334 1380 517 1451 binio,
550 1383 760 1439 urbem
804 1382 1297 1439 inflammandam
1340 1382 1572 1453 Cassio,
1603 1387 1800 1440 totam
1841 1383 2087 1448 Italiam

336 1462 696 1518 vastandam
747 1462 1262 1535 diripiendamque
1317 1461 1631 1518 Catilinae.
1716 1461 2086 1532 Vereamini,

330 1555 564 1612 cense0,
608 1558 683 1598 ne
727 1541 790 1597 in
833 1540 947 1598 hoc
992 1542 1212 1598 scelere
1253 1545 1379 1597 tam
1420 1540 1671 1597 immani
1715 1558 1787 1598 ac
1828 1541 2088 1598 nefando

332 1618 514 1676 nimis
571 1621 798 1694 aliquid
853 1637 1059 1677 severe
1117 1620 1406 1676 statuisse
1462 1620 1824 1679 videamini:
1895 1622 2087 1677 multo

331 1699 532 1772 magis
572 1705 667 1756 est
694 1700 1022 1756 verendum
1053 1717 1127 1755 ne
1162 1699 1516 1756 remissione
1559 1716 1788 1774 poenae
1817 1701 2088 1757 crudeles

229 1775 302 1830 20
331 1774 393 1831 in
415 1779 674 1850 patriam
697 1796 877 1853 quam
899 1796 973 1834 ne
996 1780 1318 1836 severitate
1342 1778 1887 1835 animadversionis
1910 1780 2087 1836 nimis

330 1855 721 1915 vehementes
750 1858 813 1914 in
843 1858 1265 1915 acerbissimos
1300 1858 1504 1914 hostes
1533 1857 1722 1914 fuisse
1753 1858 2083 1915 videamur.

415 1935 466 1996 7².
504 1937 624 1995 Sed
653 1955 742 2007 ea,
768 1954 923 2012 quae
953 1938 1230 2007 exaudio,
1251 1942 1454 2011 patres
1484 1937 1825 2011 conscripti,
1851 1937 2088 1994 dissim-

330 2013 498 2073 ulare
527 2034 647 2073 non
676 2034 943 2092 possum.
1014 2017 1056 2074 J
1063 2018 1340 2074 aciuntur
1367 2015 1523 2072 euim
1549 2032 1749 2085 voceS,
1775 2034 1933 2090 quae
1960 2033 2086 2091 per-

331 2095 581 2152 veniunt
610 2096 687 2152 ad
718 2113 891 2153 aures
919 2114 1101 2165 meae,
1127 2113 1334 2153 eorum
1363 2094 1465 2169 qui
1489 2095 1682 2150 vereri
1707 2094 1995 2152 videntur
2021 2100 2090 2152 ut

227 2172 300 2228 25
332 2171 588 2231 habeam
632 2176 782 2232 satis
824 2176 1108 2249 praesidii
1155 2176 1232 2232 ad
1280 2192 1365 2245 ea,
1410 2190 1562 2247 quae
1594 2191 1706 2230 vos
1747 2175 2091 2231 statueritis

331 2250 618 2311 hodierno
675 2254 789 2326 die,
840 2255 1278 2329 transigunda:
1344 2252 1547 2310 omnia
1600 2257 1663 2309 et
1716 2254 1969 2326 provisa
2029 2259 2093 2311 et

330 2339 543 2404 parata
596 2338 659 2390 et
713 2335 1047 2391 constituta
1095 2340 1256 2402 sunt,
1305 2337 1509 2408 patres
1555 2332 1905 2405 conscripti,
1954 2351 2093 2389 cum

331 2428 467 2468 mea
512 2430 749 2469 summa
788 2431 928 2470 cura
958 2419 1137 2488 atque
1169 2410 1487 2487 diligentia
1515 2414 1646 2466 tum
1676 2412 1871 2468 multo
1899 2412 2091 2469 etiam

326 2493 550 2565 maj0re
578 2492 784 2567 populi
814 2493 1079 2549 Romani
1123 2492 1200 2548 ad
1243 2507 1546 2549 summum
1577 2489 1902 2564 imperium
1954 2491 2094 2548 reti-

225 2570 298 2625 30
329 2572 592 2628 nendum
622 2578 684 2628 et
714 2572 788 2628 ad
820 2589 1169 2628 communes
1197 2572 1469 2627 fortunas
1493 2571 1944 2626 conservandas
1971 2570 2096 2627 vol-

328 2655 556 2707 untate.
646 2649 872 2707 Omnes
903 2650 1127 2706 adsunt
1158 2649 1423 2706 omnium
1466 2647 1746 2703 ordinum
1791 2647 2092 2718 homineS,

329 2730 597 2786 omnium
628 2730 883 2804 denique
916 2734 1220 2800 aetatum3
1263 2728 1506 2802 plenum
1535 2731 1630 2781 est
1663 2726 1877 2795 forum,
1908 2728 2096 2802 plena

306 2810 553 2883 ‘templa
581 2809 801 2865 circum
832 2808 1041 2877 forum,
1065 2808 1227 2881 pleni
1263 2822 1469 2863 omnes
1494 2805 1698 2861 aditus
1729 2805 1912 2878 hujus
1941 2815 2095 2864 tem·

327 2887 414 2960 pli
445 2905 512 2944 ac
541 2887 673 2945 loci.
762 2886 964 2944 Causa
1006 2891 1100 2942 est
1139 2886 1301 2941 enim
1344 2888 1484 2958 post
1525 2883 1737 2939 urbem
1779 2885 2093 2942 conditam

223 2967 295 3023 35
329 2966 476 3021 haec
499 2967 747 3022 inventa
767 2965 895 3022 sola
916 2964 979 3020 in
1002 2982 1121 3037 qua
1139 2981 1346 3020 omnes
1370 2961 1663 3018 sentirent
1685 2980 1872 3019 unum
1906 2969 2095 3038 atque

328 3045 486 3099 idem
515 3049 758 3117 praeter
778 3061 899 3111 eos,
932 3043 1035 3114 qui
1064 3060 1199 3099 cum
1230 3043 1346 3098 sibi
1376 3040 1649 3097 viderent
1677 3059 1811 3097 esse
1838 3060 2097 3115 pereun-

328 3123 490 3190 dum,
513 3139 645 3177 cum
671 3121 949 3176 omnibus
970 3121 1174 3192 potius
1196 3137 1376 3193 quam
1401 3117 1512 3174 soli
1534 3119 1726 3192 perire
1747 3121 2093 3181 voluerunt.

332 3198 533 3253 Hosce
557 3216 670 3269 ego
689 3197 963 3252 homines
986 3198 1216 3270 excipio
1239 3204 1300 3254 et
1323 3213 1567 3254 secerno
1591 3197 1865 3270 libenter,
1892 3218 2095 3276 neque

328 3272 388 3325 in
420 3274 828 3346 improborum
859 3273 1096 3343 civium,
1131 3274 1237 3331 sed
1279 3276 1343 3331 in
1385 3275 1912 3336 acerbissimorum
1955 3278 2100 3342 hoa-

2257 3003 2263 3096 ¹
