2284 3717
243 133 366 198 140
761 149 835 196 M.
871 148 1131 197 'runnu
1178 147 1578 196 omanoms

345 303 586 380 quidem
617 304 680 362 id
708 304 918 374 facere,
949 306 1011 363 in
1054 305 1295 382 privato
1324 305 1535 363 eodem
1565 304 1678 362 hoc
1719 303 1952 378 aliquid
1979 320 2114 378 pro-

346 385 585 442 fecerat.
671 386 775 444 An
810 386 1089 443 consules
1132 386 1195 442 in
1235 391 1508 461 praetore
1551 384 1877 441 coercendo
1923 384 2113 440 fortes

348 462 649 522 fuissent?
737 465 1009 521 Primum
1061 465 1290 522 Milone
1338 465 1535 522 occiso
1593 463 1911 520 habuisset
1968 480 2114 519 suos

346 545 662 617 consules;
706 545 921 602 deinde
964 546 1101 619 quis
1144 546 1210 601 in
1253 561 1326 601 eo
1368 549 1645 620 praetore
1689 543 1902 599 consul
1933 542 2112 599 fortis

281 625 316 680 5
347 630 524 690 esset,
558 641 664 698 per
692 642 871 699 quem
899 625 1209 681 tribunum
1241 625 1530 681 virtutem
1573 621 1956 680 consularem
1988 639 2115 679 cru-

350 703 656 760 delissime
688 713 967 761 vexatam
996 721 1131 761 esse
1176 701 1595 761 meminisset?
1683 702 2114 776 Oppressisset

348 784 571 852 omnia,
602 783 958 857 possideret,
986 791 1257 856 teneret3
1300 783 1433 858 lege
1478 799 1654 852 nova,
1688 799 1844 856 quae
1887 788 1986 837 est
2027 780 2114 836 in-

349 869 536 919 venta
583 863 744 936 apud
799 880 936 920 eum
985 882 1120 919 cum
1169 864 1418 937 reliquis
1473 862 1711 936 legibus
1769 860 2108 930 ClodianiS,

351 958 561 998 servos
593 948 830 999 nostros
858 942 1107 1000 libertos
1141 961 1286 1000 suos
1315 942 1590 1014 fecisset3
1632 945 1961 1016 postremo,
1994 939 2111 997 nisi

246 1021 320 1077 10
350 1038 487 1078 eum
520 1021 581 1078 di
623 1022 992 1079 immortales
1035 1022 1094 1079 in
1123 1041 1260 1080 eam
1304 1028 1566 1079 mentem
1606 1020 2013 1095 impulissent,
2046 1024 2113 1075 ut

350 1100 530 1157 homo
559 1100 938 1159 effeminatus
969 1102 1367 1159 fortissimum
1394 1102 1588 1159 virum
1613 1105 1936 1158 conaretur
1965 1098 2114 1156 occi-

353 1181 510 1249 dere,
538 1180 716 1237 hodie
745 1198 870 1238 rem
899 1181 1205 1257 publicam
1234 1182 1464 1238 nullam
1495 1179 1813 1237 haberetis
1874 1179 1981 1236 An
2012 1177 2111 1235 ille

350 1267 608 1334 praetor,
639 1261 740 1316 ille
774 1278 912 1317 vero
943 1262 1169 1332 consul,
1202 1261 1255 1317 si
1283 1261 1463 1319 modo
1493 1261 1640 1318 haec
1667 1258 1902 1332 templa
1933 1264 2112 1333 atque

351 1340 488 1413 ipsa
532 1341 772 1397 moenia
816 1346 976 1398 stare
1021 1359 1092 1398 eo
1122 1341 1266 1398 vivo
1303 1347 1434 1397 tam
1477 1340 1581 1397 diu
1622 1344 1685 1396 et
1725 1338 2112 1396 consulatum

252 1418 321 1475 15
353 1422 479 1492 ejus
520 1426 870 1493 exspectare
911 1420 1270 1496 potuissent,
1301 1420 1404 1477 ille
1445 1419 1702 1493 denique
1739 1418 1925 1475 vivus
1967 1416 2113 1474 mali

354 1498 502 1555 nihil
539 1499 798 1569 fecisset,
831 1500 934 1573 qui
977 1507 1253 1557 mortuus
1294 1517 1415 1557 uno
1457 1516 1532 1556 ex
1572 1498 1699 1555 suis
1742 1497 2113 1554 satellitibus

356 1578 514 1655 [Sex
559 1577 805 1654 Clodio]
851 1580 999 1636 duce
1041 1580 1268 1636 curiam
1324 1575 1699 1636 incenderit?
1787 1578 1925 1650 Quo
1970 1576 2113 1652 quid

353 1658 646 1728 miserius,
694 1659 838 1733 quid
883 1659 1170 1730 acerbius,
1216 1658 1360 1734 quid
1415 1657 1753 1715 luctuosius
1802 1653 2111 1713 vidimus?

355 1736 673 1812 Templum
718 1739 1076 1809 sanctitatis,
1121 1738 1553 1812 amplitudinis,
1596 1735 1836 1805 mentiS‚
1876 1735 2115 1792 consilii

249 1815 323 1871 20
353 1817 594 1889 publici,
616 1824 798 1893 caput
820 1818 1000 1889 urbis,
1025 1836 1192 1876 aram
1225 1819 1542 1886 sociorum,
1565 1821 1807 1891 portum
1839 1815 2111 1871 omnium

356 1897 646 1969 gentium,
680 1898 881 1954 sedem
928 1899 1002 1955 ab
1046 1899 1328 1955 universo
1370 1898 1590 1972 populo
1620 1911 1970 1952 concessam
2009 1893 2114 1950 uni

354 1976 565 2044 ordini,
597 1976 973 2047 inflammari,
1005 1979 1292 2046 exscindi,
1324 1976 1635 2041 funestari,
1666 1991 1859 2050 neque
1895 1974 1960 2031 id
1992 1973 2114 2030 fieri

356 2073 392 2111 a
416 2056 805 2113 multitudine
839 2057 1132 2133 imperita,
1160 2074 1522 2133 quamquam
1545 2062 1708 2113 esset
1728 2054 2021 2110 miserum
2051 2053 2113 2111 id

356 2134 573 2208 ipsum,
619 2137 724 2194 sed
774 2138 852 2193 ab
900 2135 1065 2194 uno?
1152 2138 1270 2210 Qui
1320 2153 1457 2193 cum
1505 2140 1745 2192 tantum
1789 2150 1979 2190 ausus
2036 2133 2116 2190 sit

249 2213 322 2271 25
356 2221 526 2272 ustor
564 2231 673 2290 pro
716 2223 971 2287 mortuO,
1005 2216 1152 2291 quid
1183 2216 1436 2290 signifer
1467 2232 1576 2290 pro
1609 2215 1747 2270 vivo
1789 2230 1913 2269 non
1952 2218 2117 2270 esset

356 2292 586 2351 ausus?
673 2294 747 2351 In
816 2297 1042 2352 curiam
1108 2304 1494 2370 potissimum
1557 2292 1791 2368 abjecit,
1848 2298 1921 2349 ut
1976 2309 2113 2350 eam

353 2379 630 2430 mortuus
659 2374 1019 2445 incenderet,
1046 2393 1226 2449 quam
1258 2376 1437 2432 vivus
1464 2377 1780 2433 everterat.
1853 2371 1941 2429 Et
1970 2376 2118 2429 sunt

355 2453 458 2528 qui
487 2454 562 2510 de
591 2454 694 2510 via
725 2455 930 2530 Appia
959 2461 1304 2530 querantur,
1332 2460 1570 2512 taceant
1604 2454 1676 2510 de
1707 2452 1891 2520 curia,
1917 2456 1983 2508 et
2011 2450 2115 2525 qui

359 2534 436 2589 ab
466 2551 537 2590 eo
568 2533 831 2608 spirante
860 2534 1055 2591 forum
1097 2540 1315 2608 putent
1352 2534 1622 2608 potuisse
1651 2531 1909 2600 defendi,
1943 2533 2115 2604 cujus

251 2611 326 2667 30
358 2628 479 2668 non
535 2613 827 2670 restiterit
882 2614 1161 2671 cadaveri
1218 2612 1418 2672 curia!
1501 2612 1796 2681 Excitate,
1848 2611 2114 2667 excitate

359 2690 578 2766 ipsum,
626 2693 679 2749 si
722 2693 999 2768 potestiS,
1047 2710 1082 2749 a
1126 2694 1414 2750 mortuis:
1475 2690 1772 2766 frangetis
1815 2690 2115 2763 impetum

356 2772 499 2841 vivi,
525 2773 694 2845 cujus
718 2772 820 2829 vix
849 2773 1165 2829 sustinetis
1193 2773 1379 2829 furias
1405 2768 1733 2847 insepulti?
1805 2768 1946 2825 Nisi
1972 2786 2114 2825 vero

359 2851 740 2908 sustinuistis
769 2869 889 2921 eoS‚
921 2853 1024 2926 qui
1055 2870 1191 2909 cum
1221 2852 1450 2908 facibus
1480 2852 1557 2909 ad
1588 2850 1815 2907 curiam
1845 2865 2117 2905 cucurre-

357 2938 514 3000 runt,
541 2949 677 2988 cum
700 2931 953 2988 falcibus
984 2932 1058 2989 ad
1093 2932 1384 3002 CastoriS,
1409 2949 1544 2988 cum
1573 2929 1792 3004 gladiis
1819 2933 1953 2984 toto
1983 2928 2114 2985 foro

254 3010 325 3066 35
359 3010 708 3067 volitarunt.
783 3010 968 3067 Caedi
999 3012 1244 3068 vidistis
1273 3012 1560 3086 populum
1593 3010 1958 3075 Romanum,
1979 3024 2113 3064 con·

359 3090 590 3145 cionem
622 3089 844 3162 gladiis
875 3090 1222 3160 disturbari,
1248 3109 1383 3148 cum
1415 3091 1721 3146 audiretur
1750 3086 1993 3145 silentio
2025 3085 2111 3144 M.

361 3166 620 3235 CaeliuS,
646 3167 928 3224 tribunus
957 3168 1170 3242 plebis,
1204 3170 1298 3225 vir
1324 3175 1387 3226 et
1413 3169 1477 3225 in
1505 3186 1566 3226 re
1594 3168 1834 3243 publica
1863 3166 2119 3223 fortissi-

358 3259 494 3297 mus
539 3249 601 3298 et
646 3244 707 3298 in
754 3253 1038 3318 suscepta
1077 3264 1263 3303 causa
1291 3248 1671 3305 firmissimus
1712 3251 1776 3303 et
1817 3246 2117 3302 bonorum

360 3318 659 3375 voluntati
703 3327 766 3376 et
811 3324 1158 3381 auctoritati
1203 3333 1460 3384 senatus
1502 3327 1745 3384 deditus
1788 3329 1853 3383 et
1888 3324 1955 3381 in
2001 3324 2124 3398 haq
