2284 3717
232 129 364 196 214
750 144 827 193 M.
857 143 1117 191 ‘runnu
1170 144 1568 195 molismus

339 302 744 376 diuturnaque
762 303 893 375 jam
938 298 1268 376 flagramus
1312 301 1579 361 infamia.
1667 303 1885 380 Neque
1938 308 2097 364 enim

339 383 524 440 ullam
558 382 738 440 aliam
772 382 847 439 ob
877 399 1122 438 causam
1166 383 1427 456 populus
1476 384 1798 442 Romanus
1844 387 2101 444 tribuni-

339 463 495 521 ciam
523 468 888 537 potestatem
919 467 1092 518 tanto
1121 463 1329 519 studio
1373 464 1711 537 requisivit,
1744 483 1931 540 quam
1961 485 2099 524 cum

336 543 644 619 poscebat,
694 541 878 598 verbo
934 541 1103 604 illam
1158 559 1403 616 poscere
1453 544 1786 615 videbatur,
1828 564 1897 602 re
1956 564 2102 603 vera

274 630 308 687 5
342 623 576 698 judicia
617 622 943 698 poscebat;
990 639 1186 695 neque
1216 621 1330 678 hoc
1363 622 1431 694 Q.
1469 622 1756 680 Catulum
1786 624 2100 683 hominem

340 702 859 792 sapientissimum
907 707 1088 774 atque
1131 701 1576 776 amplissimum
1621 704 1799 777 fugit,
1831 705 1939 779 qui
1988 705 2097 763 Cn.

340 783 632 859 Pompeio
667 782 792 838 viro
822 781 1154 838 fortissimo
1183 789 1246 838 et
1275 782 1609 838 clarissimo
1652 783 1725 840 de
1768 784 2101 842 tribunicia

337 869 644 954 potestate
687 861 978 919 referente
1023 878 1161 919 cum
1197 867 1362 918 essct
1406 863 1776 920 sententiam
1819 872 2096 939 rogatuS,

341 942 454 1001 hoc
482 943 656 1000 initio
685 948 781 999 est
809 959 1045 997 summa
1075 939 1211 998 cu'm
1257 942 1616 999 auctoritate
1657 960 1845 1001 usus:
1888 950 2100 1037 patres
2185 994 2192 1001 .

239 1028 310 1086 10
342 1023 719 1097 conscriptos
738 1020 970 1095 judicia
999 1020 1158 1077 male
1188 1026 1251 1077 et
1282 1020 1580 1095 flagitiose
1609 1023 1800 1079 tueri:
1853 1025 2019 1098 quod
2048 1024 2099 1081 si

339 1103 402 1159 in
432 1103 611 1159 rebus
630 1102 979 1176 judicandis
1000 1100 1209 1177 populi
1240 1101 1506 1158 Romani
1535 1102 1984 1161 existimationi
2013 1122 2103 1161 sa-

337 1182 422 1239 tis
453 1183 646 1240 facere
670 1182 1022 1250 voluissent,
1049 1198 1167 1236 non
1199 1186 1370 1238 tanto
1394 1199 1572 1255 opere
1604 1181 1882 1239 homines
1906 1183 2100 1241 fuisse

338 1262 729 1319 tribuniciam
755 1266 1120 1335 potestatem
1143 1261 1610 1318 desideraturos.
1671 1262 1810 1336 Ipse
1837 1263 2100 1339 denique

343 1341 451 1400 Cn.
489 1341 818 1415 Pompeius
868 1358 1004 1397 cum
1050 1340 1316 1413 primum
1362 1340 1709 1397 concionem
1764 1342 1842 1398 ad
1886 1344 2100 1400 urbem

237 1426 309 1483 15
339 1422 548 1479 consul
606 1421 965 1495 designatus
1024 1420 1253 1490 habuit,
1311 1419 1435 1487 ubi,
1486 1420 1546 1477 id
1605 1421 1765 1495 quod
1833 1423 2100 1481 maxime

341 1501 676 1578 exspectari
713 1501 1052 1570 videbatur,
1083 1500 1352 1557 ostendit
1382 1517 1446 1557 se
1479 1500 1861 1557 tribuniciam
1902 1509 2102 1577 potes-

339 1586 532 1639 tatem
576 1581 1018 1649 restituturum,
1069 1579 1268 1636 factus
1317 1586 1411 1636 est
1457 1579 1520 1637 in
1569 1596 1639 1636 eo
1689 1582 1989 1654 strepitus
2039 1587 2100 1639 et

341 1668 519 1735 grata
573 1660 876 1719 concionis
933 1659 1428 1716 admurmuratio,
1535 1659 1705 1716 Idem
1763 1660 1827 1716 in
1884 1661 2098 1718 eadem

340 1742 625 1808 concione
677 1758 812 1798 cum
864 1739 1119 1795 dixisset
1172 1739 1494 1813 populatas
1544 1744 1915 1815 vexatasque
1966 1758 2099 1798 esse

236 1826 311 1884 20
342 1821 706 1896 provinciaS,
728 1819 959 1893 judicia
991 1824 1191 1875 autem
1232 1818 1432 1893 turpia
1476 1836 1546 1875 ac
1588 1818 1895 1893 flagitiosa
1938 1820 2097 1894 fieri3

342 1901 399 1958 ei
428 1901 515 1958 rei
546 1920 609 1958 se
636 1899 955 1975 providere
987 1916 1056 1955 ac
1094 1898 1404 1955 consulere
1438 1898 1606 1967 velle,
1639 1904 1767 1954 tum
1802 1917 1948 1957 vero
1981 1918 2098 1956 non

344 1982 619 2056 strepitu,
653 1981 759 2037 sed
788 1979 1056 2035 maximo
1087 1977 1346 2035 clamore
1376 1995 1547 2035 suam
1578 1979 1839 2053 populus
1872 1979 2098 2037 Romae

342 2078 458 2118 nus
488 2059 854 2136 significavit
883 2059 1275 2116 voluntatem.

430 2143 518 2200 16.
552 2141 611 2198 N
618 2158 733 2197 unc
763 2144 967 2196 autem
996 2137 1273 2194 homines
1302 2137 1364 2193 in
1396 2136 1656 2212 speculis
1698 2142 1858 2207 sunt,
1893 2138 2097 2196 obser-

239 2226 315 2283 25
346 2225 499 2278 vant
537 2238 717 2296 quem
762 2220 838 2276 ad
880 2218 1128 2275 modum
1172 2235 1304 2274 sese
1343 2234 1502 2273 unus
1531 2217 1787 2292 quisque
1818 2225 2097 2276 nostrum

346 2305 522 2374 gerat
567 2301 629 2356 in
674 2299 993 2357 retinenda
1028 2297 1323 2373 religione
1363 2296 1913 2372 conservandisque
1959 2298 2102 2373 legi-

347 2380 479 2437 bus,
566 2379 797 2437 Vident
835 2378 1032 2435 adhuc
1073 2383 1216 2451 post
1255 2378 1451 2451 legem
1487 2376 1879 2433 tribuniciam
1910 2394 2099 2434 unum

350 2466 688 2517 senatorem
745 2458 1051 2516 hominem
1102 2457 1199 2514 vel
1255 2456 1678 2514 tenuissimum
1736 2473 1870 2513 esse
1931 2456 2101 2515 dam·

347 2545 593 2597 natum:
667 2539 828 2614 quod
883 2537 1132 2594 tametsi
1189 2554 1309 2593 non
1366 2536 1829 2611 reprehendunt,
1886 2542 2095 2594 tamen

241 2623 317 2680 30
347 2637 569 2694 magno
614 2636 792 2693 opere
835 2617 996 2692 quod
1041 2616 1292 2673 laudent
1336 2634 1455 2673 non
1497 2616 1751 2688 habent;
1794 2617 1966 2673 nulla
2004 2621 2098 2673 est

347 2700 509 2756 enim
553 2700 689 2756 laus
730 2698 816 2754 ibi
856 2714 988 2754 esse
1031 2696 1355 2769 integrum,
1387 2695 1488 2753 ubi
1528 2713 1704 2752 nemo
1733 2700 1829 2752 est
1859 2697 1964 2770 qui
1996 2702 2098 2753 aut

347 2779 543 2855 possit
573 2784 680 2837 aut
707 2783 957 2835 conetur
985 2792 1400 2850 corrumpere:
1432 2775 1544 2832 hoc
1572 2780 1667 2831 est
1686 2775 2006 2847 judicium,
2036 2776 2096 2831 in

348 2877 466 2933 quo
488 2876 597 2916 vos
620 2859 693 2916 de
720 2874 837 2926 τεο,
862 2855 1131 2931 populus,
1146 2856 1462 2912 Romanus
1481 2856 1554 2912 de
1575 2855 2094 2927 vobisjudicabit3

348 2940 408 2995 in
442 2939 554 2995 hoc
585 2938 827 2995 homine
857 2942 1177 3004 statuetur,
1208 2934 1480 3010 possitne
1524 2934 1913 2991 senatoribus
1946 2934 2096 3008 judi-

243 3021 320 3079 35
351 3019 628 3075 cantibus
686 3017 865 3073 homo
920 3015 1390 3072 nocentissimus
1437 3013 2094 3090 pecuniosissimusque

349 3097 658 3167 damnari,
643 3116 656 3129 ·
700 3095 917 3151 deinde
960 3101 1055 3151 est
1095 3095 1225 3167 ejus
1255 3093 1419 3150 modi
1446 3111 1585 3151 reus
1611 3093 1675 3149 in
1704 3111 1824 3185 quo
1855 3094 2094 3151 homine

353 3173 504 3230 nihil
576 3176 657 3231 sit
722 3179 959 3247 praeter
1028 3189 1269 3230 summa
1334 3181 1583 3248 peccata
1650 3174 2093 3250 maximamque

352 3253 689 3323 pecuniam,
735 3258 821 3320 ut,
875 3252 926 3307 si
977 3250 1272 3308 liberatus
1322 3254 1416 3322 sit,
1456 3254 1623 3309 nulla
1670 3253 1789 3310 alia
1835 3254 2093 3330 suspicio

355 3329 473 3383 nisi
508 3347 581 3385 ea
620 3347 772 3403 quae
818 3328 1172 3403 turpissima
1214 3337 1309 3388 est
1352 3332 1614 3390 residere
1657 3334 1870 3408 possit.
1961 3334 2093 3393 Non
