2284 3717
200 202 279 249 m
315 202 392 249 M.
425 200 833 248 ANronM
869 202 1147 249 oRA¹r10
1184 201 1625 249 PHILIPPICA
1660 202 1765 250 IX.
1841 185 1967 253 197

121 376 235 416 non
283 359 413 416 sint
462 358 869 433 comparandi.
955 358 1083 416 Nec
1130 359 1292 416 enim
1337 359 1436 416 ille
1482 358 1680 435 magis
1711 358 1865 434 juris

119 438 427 496 consultus
458 456 641 513 quam
662 439 936 512 justitiae
980 439 1132 497 fuit:
1175 440 1265 496 ita
1293 457 1381 509 ea,
1413 458 1565 515 quae
1608 438 1867 514 proficis-

120 519 407 575 cebantur
437 536 473 574 a
502 517 740 592 legibus
763 524 823 575 et
854 520 929 575 ab
949 520 1084 592 jure
1115 518 1297 591 civili,
1323 536 1561 593 semper
1584 520 1661 576 ad
1684 519 1868 576 facili·

118 604 305 655 tatem
369 598 857 672 aequitatemque
923 599 1235 669 referebat,
1294 615 1486 673 neque
1553 599 1865 656 instituere

120 678 315 734 litium
347 678 619 734 actiones
650 678 913 733 malebat
939 695 1118 752 quam
1151 678 1593 735 controversias
1635 679 1862 737 tollere.
1935 678 1969 735 5

119 757 283 831 Ergo
315 757 431 814 hoc
459 762 700 813 statuae
731 765 1121 815 monumento
1152 775 1274 815 non
1303 763 1477 832 eget3
1522 757 1707 814 habet
1749 758 1867 815 alia

118 838 379 911 maj0ra:
440 836 590 893 haec
638 837 796 893 enim
842 841 1046 894 statua
1088 838 1300 894 mortis
1351 838 1639 895 honestae
1692 837 1868 895 testis

117 917 247 986 erit,
296 916 403 973 illa
457 917 748 973 memoria
796 916 958 973 vitae
1016 917 1331 991 gloriosae,
1385 922 1453 974 ut
1502 917 1616 974 hoc
1669 917 1868 991 magis

118 1001 581 1053 monumentum
614 996 773 1069 grati
803 1002 1051 1053 senatus
1082 1014 1264 1072 quam
1288 997 1430 1053 clari
1455 996 1569 1053 viri
1600 997 1867 1054 futurum

119 1076 215 1134 sit.
304 1075 573 1132 Multum
603 1076 788 1132 etiam
812 1076 1076 1133 valuisse
1109 1077 1186 1133 ad
1217 1076 1403 1151 patris
1433 1077 1719 1134 honorem
1749 1076 1869 1152 pie·
1903 1075 1974 1132 10

116 1162 216 1213 tas
245 1154 350 1211 filii
374 1155 711 1229 videbitur3
743 1154 845 1229 qui
874 1173 1239 1230 quamquam
1270 1155 1521 1213 afflictus
1549 1157 1714 1213 luctu
1746 1173 1867 1212 non

119 1237 313 1305 adest,
359 1240 565 1292 tamen
615 1235 700 1292 sic
751 1235 1002 1292 animati
1053 1253 1187 1292 esse
1244 1235 1494 1306 debetiS,
1547 1241 1616 1292 ut
1665 1235 1717 1292 si
1766 1236 1867 1293 ille

119 1316 399 1386 adesset3
448 1323 542 1370 est
573 1320 775 1370 autem
821 1314 909 1371 ita
944 1314 1211 1386 affectuS‚
1249 1319 1317 1372 ut
1361 1333 1535 1372 nemo
1582 1333 1867 1389 umquam

118 1395 281 1452 unici
313 1393 420 1450 filii
450 1400 703 1450 mortem
737 1393 937 1468 magis
973 1395 1233 1453 doluerit
1273 1413 1456 1470 quam
1498 1394 1598 1451 ille
1642 1399 1870 1452 maeret

117 1475 328 1549 patriS.
416 1472 499 1529 Et
542 1473 784 1548 quidem
830 1474 1014 1531 etiam
1059 1474 1134 1531 ad
1179 1474 1407 1532 famam
1455 1473 1578 1532 Ser.
1616 1472 1869 1547 Sulpicii
1903 1471 1973 1528 15

122 1554 221 1610 filii
253 1553 514 1610 arbitror
540 1553 854 1627 pertinere,
879 1558 947 1609 ut
976 1553 1253 1611 videatur
1281 1553 1568 1611 honorem
1598 1553 1866 1610 debitum

120 1634 276 1708 patri
328 1632 731 1707 praestitisse.
822 1633 1206 1707 Quamquam
1250 1633 1478 1690 nullum
1522 1650 1871 1689 monumen-

121 1718 246 1769 tum
298 1712 522 1769 clarius
567 1711 699 1769 Ser.‘
727 1710 1031 1787 Sulpicius
1073 1713 1405 1787 relinquere
1447 1712 1645 1788 potuit
1687 1729 1868 1787 quam

121 1792 377 1866 effigiem
423 1808 657 1848 morum
701 1808 963 1861 suorum,
1002 1792 1268 1863 virtutiS,
1312 1792 1707 1863 constantiae,
1750 1792 1870 1868 pie·

122 1873 281 1942 tatis,
332 1870 562 1945 ingenii
614 1870 816 1941 filium,
868 1873 1038 1945 cujus
1086 1873 1288 1929 luctus
1334 1878 1442 1929 aut
1483 1871 1610 1929 hoc·
1644 1872 1868 1929 honore
1897 1869 1975 1927 20

124 1958 324 2009 vestro
356 1957 463 2007 aut
493 1950 660 2006 nullo
691 1950 907 2007 solatio
937 1951 1128 2008 levari
1159 1957 1376 2027 potest.

199 2032 249 2090 6.
297 2030 459 2087 Mihi
492 2036 691 2086 autem
724 2031 1064 2086 recordanti
1096 2030 1218 2089 Ser.
1255 2030 1507 2105 Sulpicii
1551 2030 1779 2088 multos
1806 2030 1870 2087 in

125 2117 330 2168 nostra
357 2109 770 2166 familiaritate
803 2126 1110 2167 sermones
1153 2111 1381 2185 gratior
1410 2110 1494 2166 illi
1526 2111 1783 2179 videtur,
1814 2109 1867 2166 si

124 2191 216 2263 qui
248 2195 346 2247 est
391 2206 606 2245 sensus
649 2188 711 2244 in
754 2196 963 2259 morte,
998 2196 1182 2246 aenea
1225 2196 1430 2247 statua
1473 2191 1677 2247 futura
1707 2195 1768 2246 et
1797 2208 1871 2246 ea

124 2269 421 2343 pedestris
451 2286 634 2342 quam
662 2269 943 2325 inaurata
985 2269 1296 2344 equestris,
1329 2269 1525 2344 qualis
1558 2269 1625 2326 L.
1663 2268 1868 2327 Sullae
1900 2262 1974 2319 25

124 2350 380 2422 primum
414 2353 649 2404 statuta
679 2354 805 2419 est3
837 2348 1081 2405 mirifice
1104 2349 1266 2405 enim
1299 2348 1546 2407 Servius
1576 2349 1871 2422 majorum

127 2428 558 2487 continentiam
614 2427 925 2501 diligebat,
975 2427 1153 2501 hujus
1210 2429 1432 2485 saeculi
1487 2428 1869 2485 insolentiam

127 2507 525 2583 vituperabat.
597 2505 688 2563 Ut
707 2507 896 2580 igitur
919 2507 970 2563 si
990 2507 1190 2582 ipsum
1216 2509 1523 2565 consulam
1543 2508 1686 2583 quid
1702 2508 1867 2577 velit,

128 2586 211 2643 sic
253 2588 596 2663 pedestrem
643 2603 719 2642 ex
770 2604 902 2642 aere
950 2592 1214 2644 statuam
1265 2593 1570 2663 tamquam
1618 2605 1693 2644 ex
1741 2589 1869 2662 ejus

128 2667 482 2723 auctoritate
507 2672 568 2722 et
591 2665 900 2722 voluntate
931 2666 1221 2724 decerno:
1253 2685 1404 2741 quae
1435 2667 1675 2741 quidem
1707 2685 1870 2741 mag·
1900 2671 1977 2726 30

128 2760 268 2801 num
312 2745 537 2803 civium
587 2745 851 2801 dolorem
882 2749 959 2827 et¹
986 2746 1352 2802 desiderium
1396 2746 1620 2803 honore
1666 2764 1872 2802 monu-

128 2826 311 2881 menti
340 2825 578 2881 minuet
608 2830 669 2881 et
696 2824 896 2882 leniet.
984 2825 1191 2899 Atque
1223 2825 1378 2882 hane
1407 2843 1601 2883 meam
1634 2832 1871 2882 senten-

135 2903 292 2975 tiam,
342 2912 548 2979 patres
594 2904 931 2979 conscripti,
980 2904 1047 2961 P.
1085 2904 1325 2962 Servilii
1372 2905 1674 2962 sententia
1716 2923 1871 2962 com·

130 2984 361 3056 probari
413 3000 668 3040 necesse·
709 2989 836 3041 est:
882 2984 986 3057 qui
1023 2984 1360 3058 sepulcrum
1406 2985 1643 3060 publice
1674 2985 1871 3043 decer-

129 3064 388 3119 nendum
421 3063 547 3120 Ser.
584 3061 851 3136 Sulpicio
894 3064 1144 3131 censuit,
1169 3069 1433 3120 statuam
1466 3081 1583 3120 non
1616 3065 1863 3120 censuit.
1897 3064 1971 3120 35

131 3139 291 3198 Nam
322 3143 372 3199 si
399 3159 563 3198 mors
591 3142 778 3217 legati
810 3142 940 3199 sine
981 3143 1162 3200 caede
1211 3148 1392 3216 atque
1438 3143 1591 3199 ferro
1635 3143 1868 3198 nullum

133 3218 413 3278 honorem
436 3221 755 3291 desiderat,
783 3239 888 3278 cur
907 3221 1176 3278 decernit
1199 3222 1482 3279 honorem
1507 3222 1866 3295 sepulturae,

180 3296 237 3353 ui
265 3302 558 3357 maximus
589 3299 796 3357 haberi
827 3306 1031 3374 potest
1060 3299 1341 3357 mortuo?
1428 3300 1535 3356 Sin
1565 3300 1626 3354 id
1657 3299 1869 3353 tribuit

133 3316 262 3434 ger.
293 3378 574 3455 SulpiciO,
607 3380 765 3455 quod
797 3397 917 3437 non
947 3385 1042 3437 est
1072 3379 1279 3435 datum
1316 3377 1421 3434 On.
1458 3375 1730 3442 OctaviO,
1762 3390 1867 3429 cur
