2284 3717
335 141 465 205 196
854 157 930 205 Μ.
976 156 1235 205 ‘runnu
1286 157 1685 206 mennoms

438 332 575 371 cum
629 313 919 372 videretis
973 330 1037 371 re
1094 313 1295 389 magis
1349 315 1626 372 morbum
1682 333 1868 390 quam
1927 318 2191 377 oratione

438 402 846 465 excusantem,
872 411 991 451 non
1023 411 1133 451 vos
1163 394 1407 469 quidem
1436 396 1707 452 crudeles
1738 396 2189 473 fuistis—quid

437 474 601 531 enim
632 475 831 532 minus
862 475 924 530 in
954 472 1114 531 hunc
1154 475 1424 531 ordinem
1469 473 1904 532 convenit?—
1923 479 2034 535 sed
2063 495 2187 535 cum

438 556 761 627 speraretis
804 553 953 611 nihil
993 571 1126 610 esse
1168 555 1330 629 quod
1372 572 1491 611 non
1530 554 1695 611 illius
1737 558 2108 614 auctoritate
2134 563 2184 614 et

371 636 407 692 5
438 634 741 708 sapientia
767 634 913 691 effici
944 640 1168 708 posset,
1203 633 1621 690 vehementius
1650 636 1779 707 ejus
1808 636 2182 693 excusationi

438 714 765 771 obstitistis
805 719 983 788 atque
1024 731 1179 782 eum,
1213 713 1315 788 qui
1363 730 1598 790 semper
1627 722 1903 770 vestrum
1952 734 2184 773 consen-

438 809 568 849 sum
585 794 1016 868 gravissimum
1029 793 1525 866 judicavisset,de
1543 795 1850 850 sententia
1871 795 2178 869 dejecistis

440 872 528 930 Ut
554 891 694 930 vero
720 873 957 930 Pansae
989 873 1252 929 consulis
1285 873 1541 930 accessit
1570 873 1915 931 cohortatio
1948 876 2181 948 gravior

438 971 619 1027 quam
651 971 827 1011 aures
859 952 982 1010 Ser.
1008 952 1259 1028 Sulpicii
1289 953 1443 1010 ferre
1475 953 1850 1024 didicissent,
1883 961 2016 1011 tum
2048 971 2178 1011 vero

336 1036 407 1093 10
438 1034 694 1108 denique
718 1033 904 1089 filium
950 1050 1165 1106 meque
1210 1034 1452 1090 seduxit
1481 1040 1663 1107 atque
1694 1033 1782 1089 ita
1810 1034 2053 1091 locutus
2075 1039 2173 1102 est,

438 1119 506 1169 ut
543 1114 964 1170 auctoritatem
999 1119 1263 1169 vestram
1292 1112 1456 1170 vitae
1486 1130 1633 1169 suae
1664 1130 1728 1169 se
1759 1113 1991 1171 diceret
2030 1122 2177 1171 ante·

438 1192 623 1252 ferre:
668 1195 835 1267 cujus
865 1209 976 1248 nos
1006 1192 1294 1249 virtutem
1328 1191 1603 1249 admirati
1635 1209 1753 1248 non
1799 1193 1934 1249 ausi
1977 1209 2172 1252 sumus

436 1272 745 1330 adversari
792 1271 1111 1330 voluntati.
1199 1271 1563 1328 Movebatur
1612 1271 1911 1346 singulari
1962 1274 2175 1347 pietate

439 1351 633 1426 filius;
677 1371 798 1410 non
838 1351 1096 1408 multum
1146 1352 1274 1424 ejus
1319 1351 1755 1425 perturbationi
1802 1369 1975 1409 meus
2022 1354 2177 1410 dolor

334 1434 404 1490 15
436 1433 833 1490 concedebat:
877 1432 984 1488 sed
1019 1439 1272 1505 uterque
1302 1438 1577 1488 nostrum
1612 1431 1821 1487 cedere
1853 1433 2172 1506 cogebatur

437 1512 850 1587 magnitudini
879 1512 1065 1568 animi
1100 1510 1512 1585 orationisque
1554 1511 1865 1584 gravitati,
1898 1530 2036 1570 cum
2063 1512 2177 1587 qui-

437 1592 575 1649 dem
604 1593 704 1649 ille
734 1592 1004 1649 maxima
1033 1591 1211 1647 laude
1234 1597 1297 1648 et
1326 1591 1732 1665 gratulatione
1758 1593 2031 1648 omnium
2059 1609 2177 1649 ves-

434 1677 597 1728 trum
626 1672 932 1747 pollicitus
973 1677 1068 1728 est
1113 1688 1178 1728 se
1225 1671 1386 1745 quod
1417 1670 1650 1727 velletis
1695 1687 1830 1727 esse
1872 1672 2174 1741 facturum,

435 1769 627 1827 neque
672 1754 801 1826 eJus
849 1750 1186 1807 sententiae
1235 1750 1568 1825 periculum
1614 1750 1975 1821 vitaturum,
2020 1754 2175 1826 cujus

332 1833 407 1890 20
436 1831 566 1905 ipse
603 1840 811 1888 auctor
852 1830 1103 1887 fuisset:
1148 1847 1326 1904 quem
1370 1829 1616 1904 exsequi
1659 1831 1955 1888 mandata
1988 1839 2176 1889 vestra
2253 1832 2254 1841 ’

437 1918 857 1986 properantem
887 1928 1061 1966 mane
1094 1909 1384 1983 postridie
1414 1909 1717 1985 prosecuti
1747 1927 1979 1968 sumus.
2065 1909 2174 1984 Qui

437 1992 679 2065 quidem
723 1991 1039 2047 discedens
1083 2006 1319 2071 mecum
1367 1989 1454 2046 ita
1502 1989 1738 2046 locutus
1785 1996 1899 2061 est,
1949 1995 2017 2048 ut
2059 1993 2176 2064 ejus

438 2072 631 2127 oratio
663 2089 838 2128 omen
868 2070 981 2126 fati
1012 2069 1330 2127 videretur.

518 2153 570 2208 5.
617 2150 882 2208 Reddite
914 2150 1116 2223 igitur,
1148 2154 1353 2224 patres
1387 2147 1730 2223 conscripti,
1760 2149 1819 2206 ei
1854 2150 2059 2220 vitam,
2090 2147 2174 2205 cui

330 2233 404 2290 25
435 2230 793 2288 ademistis:
846 2231 977 2287 vita
1016 2229 1180 2285 enim
1227 2234 1602 2285 mortuorum
1647 2227 1709 2284 in
1754 2230 2048 2288 memoria
2091 2233 2175 2285 est

435 2310 637 2385 posita
670 2311 975 2381 vivorum3
1017 2307 1285 2382 perficite
1317 2312 1384 2364 ut
1419 2307 1490 2378 is,
1522 2325 1699 2383 quem
1733 2326 1846 2366 vos
1893 2309 2067 2366 inscii
2109 2307 2173 2365 ad
2245 2328 2246 2335 ¹

435 2396 686 2446 mortem
740 2389 1009 2458 misistis,
1052 2387 1573 2444 immortalitatem
1620 2386 1845 2445 habeat
1897 2408 1934 2446 a
1978 2388 2170 2459 vobis;

436 2469 530 2525 cui
561 2469 613 2525 si
644 2476 908 2531 statuam
942 2468 1005 2524 in
1046 2467 1260 2524 rostris
1302 2462 1541 2524 decreto
1573 2472 1782 2540 vestro
1830 2467 2168 2533 statueritis

437 2549 602 2606 nulla
623 2550 750 2621 ejus
775 2548 1142 2623 legationem
1166 2544 1545 2621 posteritatis
1569 2547 1924 2605 obscurabit
1942 2547 2164 2606 oblivio,

331 2631 406 2687 30
438 2628 597 2685 Nam
634 2629 865 2703 reliqua
908 2627 1032 2686 Ser.
1070 2626 1322 2699 Sulpicii
1354 2626 1482 2683 vita
1519 2626 1729 2683 multis
1771 2628 1891 2685 erit
1932 2627 2170 2703 praecla-

436 2708 640 2782 risque
669 2706 1079 2766 monumentis
1111 2707 1188 2762 ad
1219 2723 1458 2762 omnem
1487 2706 1846 2762 memoriam
1892 2722 2169 2765 commen·

437 2787 619 2861 data3
665 2804 899 2862 semper
928 2787 1088 2843 illius
1118 2786 1504 2859 gravitatem,
1530 2786 1966 2856 constantiam,
1993 2787 2162 2859 fidem,

437 2873 848 2940 praestantem
879 2867 940 2922 in
970 2883 1031 2922 re
1062 2864 1304 2939 publica
1331 2865 1559 2921 tuenda
1587 2882 1789 2921 curam
1825 2872 2008 2941 atque
2047 2881 2160 2941 pru·

439 2946 706 3002 dentiam
754 2946 1022 3001 omnium
1069 2944 1417 3001 mortalium
1469 2945 1633 3000 fama
1673 2944 2036 3016 celebrabit3
2075 2958 2164 3001 nec

332 3026 406 3081 35
439 3042 580 3081 vero
626 3025 902 3080 silebitur
949 3024 1322 3081 admirabilis
1368 3024 1663 3098 quaedam
1709 3029 1773 3081 et
1818 3022 2161 3083 incredibilis

438 3120 507 3157 ac
528 3120 719 3175 paene
749 3103 957 3157 divina
979 3105 1107 3174 ejus
1133 3102 1195 3157 in
1218 3103 1457 3175 legibus
1481 3103 1973 3177 interpretandiS,
1996 3101 2161 3177 aequi·

438 3185 566 3233 tate
608 3179 980 3250 explicanda,
1007 3181 1275 3236 scientia.
1365 3180 1593 3238 Omnes
1635 3199 1713 3238 ex
1755 3186 1926 3241 omni
1970 3190 2159 3247 aetate,

438 3255 632 3325 quiin
681 3255 791 3309 hac
833 3256 1076 3313 civitate
1120 3258 1589 3332 intelligentiam
1622 3262 1781 3334 juris
1828 3262 2160 3325 habuerunt,

440 3330 495 3383 si
536 3347 720 3419 unum
765 3330 826 3386 in
871 3331 1067 3389 locum
1115 3337 1513 3408 conferentur,
1554 3357 1690 3396 cum
1743 3340 1882 3400 Ser:
1924 3338 2162 3418 Sulpicio
