2284 3717
558 142 702 188 PRO
754 142 830 190 κ.
879 141 1285 189 MAchLLo
1338 140 1639 190 ORATIO.
1903 127 2030 191 105

170 295 379 371 Itaque
422 298 592 355 illam
636 304 808 356 tuam
849 299 1395 374 praeclarissimam
1437 303 1501 356 et
1549 298 1923 374 sapientissi-

171 392 325 433 mam
355 396 569 435 vocem
600 379 830 436 invitus
859 379 1099 436 audivi:
1147 383 1180 409 “
1204 379 1370 436 Satis
1401 379 1505 435 diu
1534 379 1628 436 vel
1666 384 1919 436 naturae

172 457 288 512 vixi
308 458 405 514 vel
435 458 729 532 gloriaest
813 458 995 528 Satis,
1030 459 1084 515 si
1113 458 1202 514 ita
1225 459 1336 527 viS,
1368 458 1623 515 fortasse
1652 467 1917 527 naturae,

174 536 319 592 addo
362 540 571 607 etiam,
622 538 675 595 si
719 538 933 613 placet,
966 538 1228 612 gloriae:
1271 542 1351 605 at,
1385 538 1545 611 quod
1589 539 1920 595 maximum

172 623 276 686 est,
305 617 540 690 patriae
571 625 728 674 certe
755 635 982 692 parum.
1051 618 1252 689 Quare
1283 617 1495 673 omitte
1525 617 1723 686 istam,
1756 635 1930 692 quae·
1990 619 2026 676 5

174 711 252 763 80,
284 696 599 753 doctorum
644 697 956 753 hominum
1000 696 1063 752 in
1105 697 1545 753 contemnenda
1572 708 1761 753 morte
1790 715 1925 770 pru-

172 773 469 832 dentiam:
515 776 638 832 noli
681 783 888 833 nostro
925 775 1190 851 periculo
1219 793 1352 833 esse
1383 776 1640 851 sapiens.
1729 776 1921 849 Saepe

171 855 321 910 enim
354 856 527 912 venit
558 856 633 912 ad
665 873 840 913 aures
868 873 1052 924 meaS,
1082 862 1142 912 te
1173 856 1330 911 idem
1377 855 1541 912 istud
1583 855 1765 911 nimis
1807 873 1926 927 cre-

170 932 272 989 bro
303 935 500 992 dicere
532 935 646 991 tibi
675 936 827 992 satis
870 940 929 991 te
961 934 1200 992 vixisse.
1288 934 1504 1003 Crede,
1538 935 1643 991 sed
1684 941 1815 991 tum
1858 934 1922 991 id

172 1014 450 1085 audirem,
501 1014 556 1070 si
595 1015 709 1071 tibi
753 1014 865 1071 soli
898 1014 1132 1071 viveres
1179 1019 1285 1071 aut
1329 1014 1380 1070 si
1425 1014 1537 1071 tibi
1580 1014 1763 1071 etiam
1809 1013 1922 1070 soli
1956 1014 2028 1070 10

172 1098 346 1149 natus
388 1111 594 1151 esses:
639 1095 905 1150 omnium
952 1094 1212 1149 salutem
1257 1093 1479 1150 civium
1529 1100 1924 1168 cunctamque

148 1176 291 1229 ‘rem
331 1174 639 1247 publicam
667 1190 763 1229 res
789 1180 929 1229 tuae
962 1179 1170 1246 gestae
1200 1173 1546 1247 complexae
1577 1178 1753 1247 sunt;
1796 1178 1928 1229 tan-

169 1256 293 1308 tum
323 1254 469 1309 abes
502 1270 537 1308 a
563 1253 929 1327 perfectione
959 1252 1361 1309 maximorum
1390 1270 1655 1327 operum,
1687 1257 1757 1309 ut
1798 1252 1928 1308 fun-

171 1330 458 1388 damenta
502 1332 771 1388 nondum
819 1350 971 1406 quae
1014 1332 1250 1406 cogitas
1286 1332 1536 1404 jeceris:
1581 1332 1677 1389 hic
1709 1337 1777 1388 tu
1805 1349 1926 1387 mo-

170 1411 307 1467 dum
328 1412 501 1468 vitae
531 1417 670 1468 tuae
695 1429 814 1468 non
844 1411 1039 1467 salute
1063 1411 1146 1467 rei
1172 1411 1463 1485 publicae,
1490 1411 1596 1467 sed
1620 1411 1925 1485 aequitate
1957 1410 2030 1466 15

174 1490 354 1547 animi
384 1489 686 1548 definies?
773 1491 949 1562 Quid,
982 1491 1035 1546 si
1079 1490 1242 1547 istud
1273 1509 1347 1548 ne
1377 1490 1605 1564 gloriae
1633 1495 1774 1546 tuae
1805 1488 1929 1564 qui-

173 1569 303 1626 dem
334 1570 492 1627 satis
514 1568 655 1627 est?
713 1569 900 1642 Cujus
931 1576 991 1626 te
1022 1587 1156 1627 esse
1187 1570 1627 1639 avidissimum,
1649 1569 1929 1644 quamvis

174 1649 253 1707 sis
293 1651 560 1725 sapiens
590 1667 710 1706 non
740 1650 1009 1723 negabis,
1098 1649 1399 1706 Parumne
1429 1650 1633 1724 igitur,
1666 1648 1922 1723 inquieS,

174 1746 395 1803 magna
419 1727 874 1804 relinquemus?
932 1729 1129 1785 Immo
1153 1747 1295 1786 vero
1319 1729 1456 1786 aliis
1479 1729 1756 1804 quamvis
1785 1728 1933 1784 mul-

171 1808 248 1865 tis
276 1810 449 1878 satiS,
476 1808 583 1864 tibi
613 1809 717 1864 uni
744 1826 955 1882 parum
979 1828 992 1880 3
1024 1808 1306 1882 quicquid
1329 1814 1424 1865 est
1446 1809 1622 1876 enim,
1649 1808 1927 1882 quamvis
1959 1807 2034 1862 20

176 1889 439 1963 amplum
487 1888 582 1955 sit,
616 1888 677 1944 id
706 1894 801 1944 est
830 1905 1044 1961 parum
1074 1894 1222 1956 tum,
1256 1906 1389 1944 cum
1420 1894 1514 1944 est
1545 1885 1773 1960 aliquid
1805 1904 1929 1942 am-

172 1967 341 2042 plius.
417 1966 597 2039 Quod
628 1967 678 2022 si
706 1984 903 2023 rerum
933 1973 1177 2023 tuarum
1207 1967 1654 2035 immortalium,
1689 1965 1753 2023 O.
1790 1964 1936 2022 Cae-

176 2063 284 2116 sar,
317 2048 419 2104 hic
465 2046 663 2102 exitus
705 2046 944 2103 futurus
991 2045 1120 2114 fuit,
1161 2052 1229 2101 ut
1271 2047 1525 2103 devictis
1570 2045 1933 2101 adversariis
1991 2101 2000 2106 ,

175 2142 294 2183 rem
323 2125 634 2201 publicam
680 2125 744 2180 in
784 2143 855 2181 eo
899 2131 1065 2181 statu
1107 2125 1491 2199 relinquereS,
1524 2126 1586 2181 in
1623 2142 1742 2199 quo
1772 2140 1931 2180 nunc

176 2211 280 2276 est,
315 2205 477 2273 vide,
510 2221 750 2278 quaeSO,
783 2222 856 2260 ne
885 2210 994 2261 tua
1035 2204 1242 2260 divina
1271 2204 1464 2261 virtus
1509 2203 1931 2260 admirationis
1962 2201 2035 2257 25

176 2286 306 2360 plus
337 2286 425 2342 sit
453 2283 733 2340 habitura
755 2301 936 2357 quam
965 2283 1226 2357 gloriae3
1270 2284 1321 2340 si
1352 2284 1593 2358 quidem
1624 2283 1816 2357 gloria
1836 2287 1933 2339 est

175 2363 430 2422 illustris
460 2380 529 2419 ac
558 2368 890 2437 pervagata
931 2380 1287 2436 magnorum
1318 2363 1410 2419 vel
1456 2363 1518 2419 in
1560 2380 1703 2419 suos
1732 2363 1829 2419 vel
1870 2362 1932 2417 in

177 2445 434 2518 patriam
452 2442 549 2498 vel
570 2442 630 2497 in
651 2459 823 2498 omne
846 2459 1037 2514 genus
1055 2442 1367 2498 hominum
1388 2443 1551 2499 fama
1564 2443 1930 2499 meritorum.

257 2527 306 2581 9.
357 2522 534 2579 Haec
580 2521 770 2595 igitur
812 2521 924 2577 tibi
967 2521 1198 2595 reliqua
1237 2539 1378 2596 pars
1419 2527 1547 2594 est3
1605 2521 1703 2578 hic
1743 2525 1935 2578 restat

182 2607 370 2673 aetus,
424 2601 490 2656 in
540 2600 652 2656 hoc
699 2599 1126 2660 elaborandum
1178 2607 1287 2670 est,
1340 2606 1408 2657 ut
1455 2618 1581 2657 rem
1634 2601 1935 2676 publicam
1965 2598 2041 2655 30

184 2681 537 2749 constituaS,
569 2696 756 2753 eaque
784 2684 852 2735 tu
894 2679 957 2734 in
985 2678 1192 2754 primis
1235 2697 1471 2736 summa
1498 2680 1936 2754 tranquillitate

184 2766 244 2817 et
280 2761 405 2817 otio
451 2758 795 2833 perfruare:
837 2763 968 2814 tum
1007 2765 1083 2828 te,
1117 2758 1169 2814 si
1198 2759 1382 2826 voles,
1416 2776 1552 2815 cum
1596 2764 1657 2815 et
1704 2760 1936 2833 patriae

187 2840 341 2913 quod
394 2839 578 2895 debes
628 2837 880 2893 solveris
930 2842 990 2893 et
1038 2842 1316 2893 naturam
1360 2838 1555 2912 ipsam
1604 2838 1938 2913 expleveris

189 2920 470 2977 satietate
503 2916 765 2984 vivendi,
800 2916 952 2972 satis
982 2916 1084 2972 diu
1116 2917 1341 2973 vixisse
1372 2918 1568 2974 dicito.
1658 2918 1815 2989 Quid
1846 2921 1941 2973 est

189 2999 339 3055 enim
387 2997 636 3054 omnino
680 2996 792 3052 hoc
832 2996 1032 3069 ipsum
1063 2995 1182 3064 din,
1215 2996 1276 3050 in
1308 3014 1424 3069 quo
1467 3001 1561 3053 est
1591 2996 1818 3070 aliquid
1849 3012 1943 3052 ex·
1971 2989 2045 3047 35

191 3074 490 3133 tremum?
578 3075 753 3146 Quod
799 3091 934 3130 cum
982 3075 1164 3143 venit,
1215 3075 1410 3130 omnis
1456 3076 1738 3149 voluptas
1781 3090 1947 3148 prae-

195 3158 367 3213 terita
410 3171 523 3231 pro
557 3153 750 3210 nihilo
789 3158 900 3222 est,
933 3153 1076 3227 quia
1120 3157 1335 3226 postea
1378 3153 1545 3209 nulla
1586 3158 1682 3209 est
1721 3153 1941 3208 futura.

199 3234 572 3310 Quamquam
594 3231 711 3288 iste
729 3238 871 3287 tuus
895 3231 1130 3287 animus
1155 3249 1481 3304 numquam
1505 3231 1599 3287 his
1623 3228 1941 3301 angustiiS,

201 3329 340 3387 quas
361 3319 589 3372 natura
609 3310 786 3369 nobis
809 3310 886 3367 ad
911 3310 1237 3367 vivendum
1262 3309 1442 3378 dedit,
1468 3310 1787 3365 contentus
1808 3303 1943 3371 fuit,
