2284 3717
487 168 634 216 PRO
684 169 748 217 r.
793 167 1041 217 Anmo
1091 168 1387 217 MILONE
1439 168 1746 217 osrmo,
1923 152 2048 217 121

167 324 313 382 fecit
342 324 648 396 inimicUS,
675 324 790 383 fuit
817 325 978 383 ultor
1004 325 1275 400 injuriae,
1299 324 1549 401 punitor
1575 325 1799 384 doloris
1829 327 1940 384 sui.

169 402 383 476 Quid?
473 404 541 463 Si
588 405 735 462 haec
776 423 897 461 non
926 406 1058 463 dico
1089 406 1317 478 majora
1344 403 1586 463 fuerunt
1626 406 1689 463 in
1722 406 1938 465 Clodio

166 501 357 557 quam
401 484 468 540 in
510 484 756 554 Milone,
789 485 895 541 sed
938 486 1000 542 in
1042 485 1148 541 illo
1182 485 1464 555 maxima,
1496 485 1664 542 nulla
1707 486 1769 542 in
1814 485 1942 556 hoc,

166 563 316 636 quid
350 563 544 620 vultis
591 563 894 637 amplius?
978 565 1139 637 Quid
1183 565 1344 621 enim
1387 565 1619 622 odisset
1658 565 1939 623 Clodium

165 640 349 710 Milo,
376 648 648 716 segetem
681 659 750 699 ac
771 644 1083 700 materiem
1116 661 1263 700 suae
1293 644 1536 718 gloriae,
1560 651 1801 718 praeter
1830 644 1943 702 hoc
2011 645 2047 703 5

166 721 352 777 civile
406 722 633 791 odium,
679 739 797 795 quo
846 740 1054 780 omnes
1105 723 1409 798 improbos
1459 723 1743 781 odimus?
1828 723 1940 780 Ille

165 806 301 857 erat
347 806 424 857 ut
468 800 703 858 odisset
748 801 1007 875 primum
1056 802 1431 859 defensorem
1483 803 1701 860 salutis
1748 821 1936 873 meae,

166 879 397 936 deinde
426 885 775 937 vexatorem
803 880 1036 951 furoris»,
1068 882 1426 939 domitorem
1471 899 1773 939 armornm
1813 899 1946 939 suo·

164 975 326 1030 rum,
356 965 667 1034 postremo
696 960 882 1016 etiam
913 967 1323 1018 accusatorem
1354 979 1533 1018 suum
1557 982 1572 1035 ;
1615 978 1753 1018 reus
1781 961 1940 1018 enim

164 1037 430 1095 Milonis
466 1038 600 1112 lege
632 1039 834 1096 Plotia
876 1040 989 1096 fuit
1019 1039 1289 1111 Clodius,
1321 1042 1524 1116 quoad
1553 1040 1722 1098 vixit.
1807 1041 1941 1113 Quo
1974 1042 2049 1099 10

163 1119 423 1174 tandem
469 1118 672 1174 animo
701 1118 814 1175 hoc
839 1124 1170 1193 tyrannum
1201 1120 1373 1177 illum
1402 1121 1617 1177 tulisse
1648 1118 1939 1178 creditis?

166 1198 492 1270 Quantum
532 1198 739 1254 odium
785 1197 948 1256 illius
991 1204 1056 1256 et
1089 1201 1155 1256 in
1201 1199 1444 1257 homine
1485 1200 1710 1274 injusto
1760 1217 1940 1276 qnam

164 1277 369 1333 etiam
403 1278 640 1350 justum
684 1276 918 1335 fuisse?

253 1358 355 1413 14.
401 1356 732 1431 Reliquum
759 1363 854 1414 est
882 1362 952 1413 ut
983 1358 1111 1432 jam
1140 1358 1311 1415 illum
1340 1361 1563 1415 natura
1601 1358 1793 1433 ipsius
1836 1374 1970 1415 con·

169 1434 558 1509 suetudoque
604 1435 905 1505 defendat,
939 1436 1098 1494 hunc
1133 1444 1331 1495 autem
1366 1437 1514 1494 haec
1543 1439 1752 1495 eadem
1784 1454 1943 1495 coar·
1973 1437 2047 1495 15

169 1520 410 1590 gnant:
467 1514 622 1571 nihil
663 1532 770 1590 per
812 1514 935 1571 vim
973 1533 1260 1591 umquam
1294 1516 1561 1586 Clodius,
1593 1517 1796 1573 omnia
1836 1533 1945 1590 per

165 1596 302 1651 vim
335 1593 505 1650 Milo.
594 1592 799 1666 Quid?
883 1594 1036 1669 EgO,
1071 1596 1325 1668 judiceS,
1356 1614 1502 1653 cum
1532 1596 1942 1653 maerentibus

166 1673 356 1731 vobis
398 1672 541 1729 urbe
586 1673 759 1743 cessi,
797 1674 1172 1746 judiciumne
1220 1674 1443 1732 timui?
1527 1675 1669 1732 Non
1712 1692 1939 1745 serVOS,

165 1770 299 1810 non
330 1769 511 1821 arma,
539 1769 657 1808 non
680 1752 802 1808 vim
822 1750 847 1809 Y
919 1754 1089 1826 Quae
1111 1754 1329 1811 fuisset
1355 1755 1542 1829 igitur
1558 1757 1729 1828 Justa
1751 1772 1937 1811 causa

164 1831 537 1890 restituendi
566 1831 700 1901 mei,
730 1831 849 1887 nisi
877 1830 1092 1889 fuisset
1121 1833 1348 1907 injusta
1375 1832 1697 1908 ejiciendi?
1758 1834 1935 1890 Diem
1967 1835 2043 1892 20

167 1910 347 1981 mihi,
401 1910 596 1980 crede,
648 1911 898 1981 dixerat,
950 1912 1209 1969 multam
1264 1913 1583 1987 irrogarat,
1642 1913 1941 1969 actionem

170 1989 613 2065 perduellionis
648 1990 1010 2062 intenderat,
1042 1997 1105 2049 et
1146 1992 1297 2049 mihi
1327 1991 1610 2049 videlicet
1649 1992 1712 2048 in
1754 2008 1941 2048 causa

171 2075 286 2127 aut
316 2069 479 2126 mala
518 2073 624 2124 ant
669 2087 820 2138 mea,
850 2087 973 2125 non
1012 2076 1089 2127 et·
1114 2071 1597 2145 praeclarissima
1626 2076 1688 2127 et
1716 2076 1938 2137 vestra,

182 2148 484 2223 judicium
514 2148 847 2204 timendum
877 2149 1028 2206 fuit:
1073 2167 1385 2206 servorum
1416 2156 1478 2206 et
1506 2149 1822 2224 egentium
1865 2149 1943 2206 ci-

172 2229 345 2285 vium
375 2234 438 2284 et
466 2226 942 2284 facinorosorum
972 2230 1158 2285 armis
1187 2246 1355 2286 meos
1397 2229 1579 2299 cives,
1610 2229 1765 2286 meis
1807 2246 1942 2285 con·
1971 2229 2045 2288 25

173 2308 333 2365 siliis
356 2306 757 2381 periculisque
782 2314 1073 2379 servatos
1098 2325 1205 2383 pro
1228 2326 1322 2366 me
1346 2308 1520 2382 objici
1549 2308 1731 2366 nolui.
1790 2307 1941 2366 'Vidi

172 2387 356 2457 enim,
390 2386 520 2442 vidi
559 2385 718 2442 hunc
745 2386 945 2460 ipsum
977 2388 1046 2460 Q.
1083 2387 1500 2457 Hortensium,
1531 2387 1735 2444 lumen
1763 2392 1826 2444 et
1855 2404 1943 2443 or·

173 2470 536 2523 namentum
594 2465 679 2521 rei
735 2465 1027 2539 publicae,
1079 2484 1271 2540 paene
1327 2466 1579 2523 interfici
1628 2484 1938 2523 servorum

171 2563 380 2613 manu,
414 2561 547 2600 cum
578 2544 727 2600 mihi
768 2545 1047 2619 adesset;
1092 2564 1211 2620 qua
1240 2546 1300 2602 in
1331 2546 1510 2602 turba
1543 2545 1609 2603 G.
1642 2546 1941 2603 Vibienus

173 2631 440 2692 senator,
467 2623 558 2679 vir
586 2624 868 2698 optimus,
892 2641 1028 2680 cum
1057 2624 1171 2682 hoc
1201 2643 1337 2682 cum
1366 2629 1528 2682 esset
1557 2643 1694 2694 una,
1726 2626 1814 2681 ita
1842 2629 1938 2681 est
1967 2627 2045 2684 30

172 2704 496 2772 mulcatus,
527 2707 596 2758 ut
624 2704 814 2759 vitam
858 2703 1143 2761 amiserit.
1231 2704 1447 2778 Itaque
1491 2705 1731 2779 quando
1774 2704 1938 2760 illius

170 2789 392 2856 postea
423 2782 547 2838 sica
574 2781 695 2851 illa,
728 2800 909 2856 quam
941 2801 976 2838 a
1006 2782 1273 2840 Catilina
1303 2790 1630 2857 acceperat,
1664 2784 1942 2858 conquie-

174 2860 313 2919 vit?
401 2861 575 2917 Haec
603 2861 903 2918 intentata
930 2862 1104 2919 nobis
1147 2868 1256 2932 est,
1290 2862 1429 2920 huic
1470 2880 1584 2935 ego
1617 2880 1723 2918 vos
1766 2861 1942 2935 objici

174 2958 284 3016 pro
306 2959 407 2996 me
437 2958 558 2996 non
589 2957 720 2996 sum
752 2957 984 3015 passuS,
1012 2940 1159 2998 haec
1187 2941 1475 2998 insidiata
1506 2942 1794 3016 Pompeio
1824 2947 1934 3010 est,

175 3020 326 3077 haec
351 3021 536 3076 istam
562 3019 846 3094 Appiam,
874 3026 1331 3077 monumentum
1363 3021 1457 3077 sui
1486 3021 1768 3089 nominis,
1794 3037 1936 3076 nece
1967 3018 2044 3074 35

177 3099 408 3175 Papirii
440 3099 801 3169 cruentavit,
829 3098 977 3155 haec
1006 3100 1215 3155 eadem
1245 3100 1429 3172 longo
1458 3099 1778 3156 intervallo
1808 3114 1942 3153 con-

176 3196 356 3235 versa
385 3194 597 3234 rursus
625 3184 721 3234 est
747 3178 809 3234 in
838 3196 970 3250 me3
1011 3195 1201 3254 nuper
1231 3179 1490 3253 quidem,
1522 3184 1592 3233 ut
1627 3176 1811 3244 scitiS‚
1843 3192 1938 3231 me

176 3259 252 3315 ad
304 3257 541 3331 regiam
590 3274 780 3331 paene
831 3257 1101 3313 confecit.
1189 3257 1349 3328 Quid
1401 3256 1594 3312 simile
1643 3250 1937 3309 Milonis?

176 3337 367 3412 Cujus
413 3336 510 3392 vis
560 3335 758 3392 omnis
800 3335 948 3392 haec
990 3351 1230 3409 semper
1270 3335 1400 3403 fuit,
1447 3350 1521 3388 ne
1570 3332 1636 3387 P.
1686 3328 1940 3387 Clodius
