2284 3717
279 156 363 220 76
787 167 860 214 M.
906 167 1168 214 'runnu
1220 166 1618 214 01cERoN1s

382 326 456 384 de
502 324 753 401 imperio
783 324 1167 382 dimicaretiS.
1255 322 1374 381 Sed
1416 330 1624 381 tamen
1667 323 1919 383 alterius
1954 326 2152 401 partis

381 405 731 481 periculum,
785 403 1170 462 Sertorianae
1235 410 1416 478 atque
1485 404 1940 478 Hispaniensis,
1990 423 2149 481 quae

379 486 569 542 multo
632 485 770 558 plus
835 483 1195 540 firmamemi
1252 501 1323 541 ac
1390 484 1623 541 roboris
1687 484 1973 554 habebat,
2039 486 2148 543 Cn.

387 565 663 640 Pompeii
711 564 917 621 divino
974 564 1224 621 consilio
1287 580 1355 619 ac
1416 563 1713 638 singulari
1763 564 1993 621 virtute
2054 566 2150 621 de-

316 647 351 702 5
382 646 627 719 pulsum
672 648 802 716 est3
854 643 915 700 in
966 644 1159 699 altera
1206 647 1379 717 parte
1421 643 1509 699 ita
1552 661 1647 700 res
1692 661 1728 699 a
1770 643 1841 699 L.
1886 644 2148 701 Lucullo

384 741 619 781 summo
662 723 794 780 viro
844 727 940 779 est
982 722 1426 791 administrata,
1468 728 1537 779 ut
1578 723 1753 798 initia
1794 723 1902 780 illa
1946 741 2143 780 rerum

385 810 698 875 gestarum
769 820 995 876 magna
1063 810 1245 878 atque
1316 803 1628 877 praeclara
1688 820 1811 859 non
1871 803 2146 860 felicitati

382 885 526 956 ejuS,
561 882 667 940 sed
715 882 948 953 virtuti,
993 880 1144 939 haec
1188 887 1392 954 autem
1432 887 1716 950 extrema,
1747 900 1902 956 quae
1951 901 2146 957 nuper

385 963 742 1033 acciderunt,
776 979 896 1018 non
939 963 1167 1037 culpae,
1200 962 1305 1018 sed
1334 961 1611 1018 fortunae
1640 962 1968 1019 tribuenda
2011 980 2150 1020 esse

281 1043 353 1099 10
385 1042 719 1098 videantur.
806 1040 924 1098 Sed
967 1042 1041 1098 de
1087 1041 1344 1099 Lucullo
1387 1041 1583 1098 dicam
1626 1041 1742 1099 alio
1786 1041 1918 1099 loco
1962 1048 2027 1099 et
2063 1043 2152 1098 ita

384 1121 598 1192 dicam,
653 1120 939 1193 QuiriteS,
990 1127 1060 1177 ut
1114 1139 1308 1196 neque
1368 1138 1511 1177 vera
1565 1120 1700 1177 laus
1755 1121 1811 1177 ei
1869 1122 2151 1179 detracta

385 1202 653 1258 oratione
697 1217 832 1257 mea
858 1218 1048 1275 neque
1079 1200 1237 1257 falsa
1280 1199 1499 1257 adficta
1540 1217 1675 1257 esse
1709 1200 2029 1271 videatur;
2074 1202 2149 1258 de

385 1281 574 1338 vestri
629 1279 865 1354 imperii
915 1280 1211 1354 dignitate
1263 1286 1443 1355 atque
1493 1279 1705 1355 gloria,
1751 1281 2042 1355 quoniam
2095 1281 2151 1337 is

384 1366 480 1416 est
507 1377 761 1417 exorsus
803 1359 1095 1416 orationis
1137 1378 1325 1431 meae,
1356 1359 1562 1417 videte
1592 1377 1771 1434 quem
1802 1360 1985 1417 vobis
2029 1360 2153 1417 ani-

284 1439 354 1498 15
386 1457 553 1496 mum
583 1438 1030 1513 suscipiendum
1060 1439 1307 1513 putetis,
2081 1478 2110 1485 s

466 1522 519 1577 5.
566 1518 831 1592 Maj0res
885 1519 1080 1575 nostri
1123 1536 1303 1594 saepe
1346 1517 1783 1575 mercatoribus
1827 1523 1939 1576 aut
1983 1519 2153 1577 navi-

387 1598 629 1655 culariis
659 1598 886 1655 nostris
915 1598 1264 1671 injuriosius
1292 1598 1571 1660 tractatis
1598 1596 1758 1654 Bella
1787 1604 2149 1672 gesserunt:

391 1695 498 1733 vos
552 1682 646 1734 tot
701 1678 945 1734 milibus
995 1678 1222 1736 civium
1279 1678 1697 1735 Romanorum
1755 1695 1876 1734 uno
1935 1680 2151 1737 nuntio

388 1763 568 1830 atque
612 1774 731 1814 uno
762 1763 1028 1832 tempore
1065 1757 1297 1814 necatis
1329 1775 1446 1831 quo
1475 1758 1720 1814 tandem
1761 1757 1976 1815 animo
2019 1776 2151 1816 esse

283 1838 358 1894 20
389 1836 665 1894 debetis?
752 1837 972 1911 Legati
1016 1837 1178 1912 quod
1236 1843 1408 1894 erant
1459 1837 1746 1911 appellati
1805 1839 2149 1911 superbius,

396 1916 757 1973 Corinthum
826 1923 1034 1992 patres
1089 1917 1279 1973 vestri
1333 1916 1525 1973 totius
1582 1916 1873 1974 Graeciae
1946 1918 2151 1975 lumen

387 1998 753 2053 exstinctum
781 2014 914 2053 esse
947 1996 1302 2053 voluerunt:
1348 2013 1457 2052 vos
1487 2013 1621 2052 eum
1647 2014 1853 2069 regem
1885 1996 2153 2055 inultum

387 2093 521 2132 esse
564 2076 896 2150 patiemini,
929 2076 1032 2151 qui
1073 2073 1348 2151 legatum
1386 2075 1594 2150 populi
1639 2076 1907 2132 Romani
1941 2095 2155 2134 consu-

385 2154 574 2212 larem
617 2155 874 2213 vinculis
920 2173 991 2212 ac
1021 2156 1371 2212 verberibus
1415 2161 1596 2229 atque
1643 2156 1808 2230 omni
1852 2157 2152 2233 supplicio

282 2234 355 2291 25
387 2234 794 2294 excruciatum
841 2233 1123 2292 necavit?
1208 2235 1309 2292 Illi
1364 2235 1706 2292 libertatem
1759 2234 2152 2293 imminutam

388 2314 613 2371 civium
676 2315 1094 2371 Romanorum
1153 2331 1274 2371 non
1331 2314 1634 2372 tulerunt:
1698 2331 1810 2371 vos
1873 2323 2150 2390 ereptam

385 2394 578 2450 vitam
621 2392 993 2468 negligetis?
1077 2394 1197 2452 Jus
1248 2394 1571 2468 legationis
1617 2394 1800 2450 verbo
1847 2394 2152 2454 violatum

385 2472 473 2529 illi
527 2474 827 2548 persecuti
883 2478 1058 2530 sunt:
1134 2490 1246 2530 vos
1301 2474 1573 2548 legatum
1630 2472 1793 2530 omni
1850 2475 2152 2550 supplicio

386 2552 770 2610 interfectum
818 2551 1217 2627 relinquetis?
1301 2552 1524 2610 Videte
1561 2570 1670 2623 -ne,
1718 2556 1787 2608 ut
1842 2553 1968 2611 illis
2024 2554 2156 2630 pul-

281 2631 356 2687 30
386 2632 747 2689 cherrimum
792 2631 908 2689 fuit
947 2638 1184 2689 tantam
1228 2632 1400 2689 vobis
1447 2632 1683 2707 imperii
1726 2632 1989 2704 gloriam
2035 2641 2154 2691 tra-

386 2711 542 2782 dere,
573 2712 660 2768 sic
689 2712 863 2769 vobis
904 2712 1325 2787 turpissimum
1368 2711 1464 2784 sit,
1494 2712 1558 2769 id
1599 2711 1760 2788 quod
1803 2714 2149 2789 accepistis,

384 2790 541 2848 tueri
581 2797 644 2848 et
685 2808 1037 2848 conservare
1068 2808 1189 2847 non
1217 2808 1413 2865 posse.

468 2871 645 2944 Quid,
671 2871 833 2946 quod
863 2870 1028 2927 salus
1059 2870 1358 2928 sociorum
1389 2888 1691 2927 summum
1718 2870 1782 2926 in
1809 2839 2150 2946 periculum

388 2967 456 3006 ac
497 2950 817 3007 discrimen
845 2956 1111 3018 vocatur,
1146 2967 1264 3025 quo
1308 2950 1557 3007 tandem
1603 2950 1803 3006 animo
1851 2951 2005 3008 ferre
2054 2953 2154 3010 de-

281 3031 353 3087 35
385 3028 587 3086 betis?
674 3030 892 3103 Regno
938 3035 1032 3085 est
1076 3029 1368 3101 expulsus
1415 3030 1857 3086 Ariobarzanes
1901 3048 2026 3101 rex,
2062 3050 2153 3089 so-

385 3108 515 3165 cius
557 3108 766 3182 populi
806 3108 1069 3164 Romani
1115 3115 1295 3182 atque
1342 3109 1571 3166 amicus
1596 3129 1609 3182 ;
1664 3109 1987 3167 imminent
2027 3112 2150 3170 duo

386 3202 561 3259 reges
603 3185 719 3241 toti
748 3186 937 3242 Asiae
972 3204 1093 3242 non
1139 3187 1336 3243 solum
1366 3189 1540 3244 vobis
1581 3153 2004 3261 inimicissimi,
2038 3192 2150 3250 sed

385 3265 571 3319 etiam
601 3263 824 3319 vestris
869 3264 1050 3320 sociis
1097 3270 1278 3338 atque
1325 3267 1571 3341 amicis;
1616 3268 1898 3325 civitates
1938 3277 2150 3330 autem

387 3356 596 3396 omnes
623 3346 840 3397 cuncta
870 3339 1024 3398 Asia
1053 3347 1233 3416 atque
1265 3344 1518 3403 Graecia
1547 3354 1816 3404 vestrum
1848 3349 2152 3411 auxilium
