2284 3717
569 169 655 218 m
706 170 767 217 1..
803 171 1227 219 Garumna
1278 173 1556 222 onA‘mo
1607 175 1709 223 1v.
1987 162 2072 226 53

192 329 411 386 mortis
471 345 741 403 poenam
793 333 1080 400 removet,
1139 334 1475 388 ceterorum
1538 331 1965 408 suppliciorum

193 424 407 465 omnes
439 408 810 465 acerbitates
839 409 1236 484 amplectitur.
1323 410 1596 485 Uterque
1629 419 1693 469 et
1719 429 1826 487 pro
1854 430 1967 469 sua

192 487 504 562 dignitate
535 492 600 544 et
626 504 738 562 pro
767 504 966 544 rerum
996 489 1414 563 magnitudine
1443 491 1512 547 in·
1535 508 1773 552 summa
1801 508 1966 548 seve-

192 567 382 623 ritate
434 573 734 625 versatur.
821 567 999 624 Alter
1052 586 1175 639 eos,
1223 569 1327 643 qui
1385 587 1496 627 nos
1552 587 1778 640 omues,
1828 570 1964 648 [qui

192 646 493 720 populum
541 645 925 722 Romanum]
967 647 1098 704 vita
1140 648 1377 723 privare
1420 650 1622 706 conati
1666 655 1825 721 sunt,
1857 650 1961 725 qui
2031 651 2067 709 5

193 725 400 782 delere
456 725 797 800 imperium,
849 726 953 801 qui
1007 727 1215 802 populi
1274 728 1539 786 Romani
1594 747 1810 787 nomen
1867 748 1963 787 ex-

195 804 533 878 stinguere,
565 813 861 879 punctum
903 807 1196 880 temporis
1241 806 1355 865 frui
1388 808 1518 865 vita
1561 813 1623 866 et
1654 808 1765 866 hoc
1810 826 1965 867 com-

194 884 371 940 muni
418 884 638 958 spiritu
683 901 805 941 non
850 890 1027 959 putat
1068 891 1360 960 oportere,
1392 892 1573 962 atque
1618 887 1730 945 hoc
1767 906 1962 962 genus

194 979 437 1037 poenae
483 980 666 1037 saepe
712 964 774 1020 in
818 964 1122 1039 improbos
1169 966 1334 1023 cives
1377 967 1441 1023 in
1471 967 1584 1025 hac
1622 984 1685 1024 re
1724 967 1962 1042 publica

194 1059 336 1100 esse
367 1049 728 1117 usurpatum
757 1044 1120 1102 recordatur.
1182 1045 1360 1103 Alter
1386 1047 1678 1121 intelligit
1705 1053 1960 1103 mortem
1993 1050 2066 1106 10

196 1123 279 1178 ab
301 1122 401 1179 dis
429 1121 875 1179 immortalibus
904 1141 1024 1180 non
1054 1140 1189 1191 esse
1207 1126 1502 1200 ,supplicii
1524 1144 1709 1184 causa
1738 1126 1959 1183 consti·
1989 1187 1992 1192 ,

195 1206 422 1270 tutam,
447 1202 557 1259 sed
587 1206 695 1258 aut
721 1203 1147 1260 necessitatem
1175 1211 1427 1263 naturae
1458 1213 1564 1263 aut
1592 1206 1864 1266 laborum
1894 1223 1962 1262 ac

195 1281 585 1338 miseriarum
633 1281 936 1356 quietem;
998 1283 1203 1359 itaque
1253 1302 1387 1340 eam
1439 1286 1745 1361 sapientes
1795 1302 1963 1341 num-

197 1378 389 1435 quam
433 1359 630 1429 inviti,
674 1361 881 1422 fortesf
904 1378 1084 1436 saepe
1129 1363 1316 1420 etiam
1362 1363 1618 1422 libenter
1661 1365 1961 1440 oppetive-

197 1445 382 1497 runt:
412 1440 671 1506 ,vincula
698 1456 842 1497 vero
870 1447 932 1497 et
959 1460 1033 1498 ea
1067 1444 1435 1517 sempiterna
1463 1450 1622 1501 certe
1652 1445 1729 1501 ad
1759 1444 1961 1518 singu·
1993 1445 2064 1502 15

198 1518 396 1575 larem
437 1536 699 1593 poenam
730 1519 941 1577 nefarii
986 1521 1230 1579 sceleris
1274 1522 1524 1580 inventa
1552 1530 1731 1581 sunt:
1773 1523 1962 1579 muni-

198 1598 383 1673 cipiis
411 1598 723 1675 dispertiri
754 1600 944 1672 jubet.
1020 1601 1264 1658 Habere
1298 1602 1536 1660 videtur
1564 1603 1683 1660 ista
1712 1619 1810 1659 res
1852 1601 1963 1658 ini-

199 1678 523 1753 quitatem,
556 1679 607 1736 si
642 1678 936 1753 imperare
969 1679 1136 1750 veliS,
1169 1680 1595 1753 difficultatem,
1628 1683 1679 1740 si
1709 1699 1957 1757 rogare3

201 1758 566 1815 decernatur
599 1763 819 1828 tamen,
853 1759 905 1815 si
948 1759 1162 1834 placet.
1247 1761 1381 1836 Ego
1427 1763 1587 1818 enim
1627 1762 1956 1837 suscipiam

199 1844 282 1908 et,
316 1843 388 1895 ut
428 1855 620 1913 spero,
652 1838 947 1912 reperiam
982 1840 1193 1913 quiid,
1225 1841 1386 1914 quod
1429 1842 1647 1899 salutis
1691 1841 1958 1898 omnium
1990 1843 2064 1901 20

201 1934 392 1974 causa
435 1917 788 1988 statueritis,
835 1935 956 1974 non
1000 1925 1219 1992 put-ent
1260 1936 1392 1977 esse
1450 1938 1595 1979 suae
1638 1920 1961 1994 dignitatis

124 1987 129 1999 ’
201 2013 504 2054 recusare.
597 1997 900 2071 Adjungit
943 2015 1190 2072 gravem
1235 2018 1493 2074 poenam
1536 2000 1956 2074 municipibuS‚

202 2076 255 2132 si
287 2077 427 2151 quis
470 2094 677 2133 eorum
708 2077 951 2133 vincula
983 2079 1248 2153 ruperit3
1293 2079 1607 2137 horribiles
1652 2080 1961 2137 custodias

202 2156 545 2213 circumdat
577 2162 640 2213 et
668 2156 888 2231 dignas
931 2157 1151 2213 scelere
1195 2156 1506 2216 hominum
1549 2160 1959 2233 perditorum;

201 2236 407 2292 sancit
435 2253 511 2292 ne
541 2236 677 2311 quis
714 2253 917 2293 eorum
955 2253 1233 2312 poenam,
1265 2256 1417 2312 quos
1446 2240 1822 2308 condemnat,
1857 2244 1962 2295 aut
1992 2240 2066 2297 25

199 2332 312 2389 per
340 2320 622 2372 senatum
666 2322 770 2372 aut
796 2332 903 2390 per
936 2316 1224 2391 populum
1267 2317 1468 2376 levare
1510 2320 1741 2393 possit3
1783 2319 1964 2393 eripit

199 2394 392 2451 etiam
437 2411 625 2469 spem,
657 2413 811 2469 quae
855 2395 984 2452 sola
1028 2396 1328 2453 hominem
1378 2398 1437 2454 in
1467 2399 1727 2456 miseriis
1756 2415 1961 2456 conso·

200 2474 318 2531 lari
359 2474 556 2547 solet;
614 2475 773 2531 bona
812 2481 1120 2549 praeterea
1160 2477 1453 2550 publicari
1497 2479 1711 2553 jubet3
1769 2478 1960 2535 vitam

200 2554 402 2611 solam
450 2553 740 2627 relinquit
786 2555 1030 2611 nefariis
1086 2555 1469 2614 hominibus:
1529 2576 1707 2632 quam
1757 2558 1809 2614 si
1857 2557 1965 2614 eri·

196 2633 460 2708 puisset,
492 2633 718 2690 multos
752 2650 872 2689 uno
903 2634 1140 2692 dolores
1182 2636 1369 2692 animi
1400 2642 1580 2710 atque
1610 2638 1874 2712 corporis
1903 2643 1964 2694 et
1994 2639 2068 2694 30

200 2730 437 2769 omnes·
464 2712 756 2770 scelerum
802 2731 1030 2787 poenas
1073 2715 1414 2774 ademisset.
1494 2717 1710 2791 Itaque
1753 2722 1820 2773 ut
1863 2716 1965 2792 alj-
2015 2771 2030 2784 ,

192 2811 329 2866 qua
368 2793 432 2848 in
463 2792 593 2849 vita
620 2791 873 2849 formido
908 2793 1198 2868 improbis
1236 2800 1400 2852 esset
1438 2798 1657 2869 posita,
1692 2796 1849 2871 apud
1879 2796 1965 2851 in-
2021 2789 2030 2810 ¹

199 2872 368 2928 feros
413 2873 543 2945 ejus
583 2872 748 2928 modi
792 2874 1085 2945 quaedam
1127 2873 1217 2931 illi
1261 2875 1490 2950 antiqui
1536 2875 1831 2951 supplicia
1858 2875 1965 2931 im·

198 2951 324 3027 piis
354 2950 688 3008 constituta
725 2968 857 3007 esse
889 2952 1223 3023 voluerunt,
1255 2955 1415 3028 quod
1446 2955 1723 3012 videlicet
1753 2955 1966 3011 intelli·
1997 2997 2004 3006 .

200 3031 441 3105 gebant
467 3029 554 3087 eis
582 3031 828 3087 remotis
858 3049 979 3088 non
1007 3050 1140 3090 esse
1181 3040 1434 3090 mortem
1463 3034 1655 3110 ipsam
1688 3009 2008 3109 pet-time?
1992 3032 2068 3091 35

199 3110 514 3167 scendam.

144 3199 225 3275 (J
286 3190 343 3246 5.
389 3188 586 3257 Nunc,
626 3193 832 3264 patres
877 3190 1217 3265 conscripti,
1261 3210 1376 3266 ego
1418 3211 1553 3250 mea
1596 3191 1771 3248 video
1814 3190 1960 3262 quid

196 3267 483 3326 intersit:
545 3268 599 3324 si
653 3269 821 3326 eritis
878 3270 1069 3326 secuti
1125 3273 1490 3327 sententiam
1543 3270 1608 3328 O.
1664 3267 1959 3334 Caesaris,

198 3347 495 3425 quoniam
526 3346 682 3405 hanc
712 3348 766 3405 is
806 3348 869 3405 in
898 3348 1233 3423 re-publica
1263 3349 1446 3417 viam,
1477 3363 1628 3421 quae
1656 3343 1964 3419 popularis
