2284 3717
527 178 676 225 PRO
728 176 1020 223 ARcmA
1043 178 1308 240 ‘POETA
1358 176 1660 223 oaArro.
1948 162 2031 226 65

152 335 310 392 enim
353 338 689 394 obscurum
731 334 1024 410 proximis
1065 335 1417 392 censoribus
1458 333 1616 394 hunc
1644 352 1782 391 cum
1811 334 1928 392 cla-

153 414 386 473 rissimo
410 417 782 491 imperatore
811 414 877 472 L.
902 414 1156 472 Lucullo
1180 414 1339 488 apud
1362 415 1690 472 exercitum
1718 413 1922 486 fuisse,

153 496 567 569 superioribus
612 512 751 552 cum
793 495 1006 551 eodem
1049 503 1367 568 quaestore
1410 494 1596 551 fuisse
1642 495 1703 551 in
1747 495 1920 565 Asia,

151 576 358 648 primis
389 577 429 634 J
438 577 567 632 ulio
611 580 676 631 et
721 574 945 632 Crasso
991 575 1220 630 nuliam
1259 574 1467 647 populi
1513 582 1746 648 partem
1791 592 1923 632 esse

153 671 409 712 censam.
503 655 627 712 Sed
658 654 947 728 quoniam
976 671 1193 710 census
1225 671 1345 710 non
1365 656 1468 727 Jus
1497 654 1761 710 civitatis
1791 672 1926 712 con·
1993 655 2030 713 5

152 732 348 791 firmat
394 753 467 792 ac
511 734 938 790 tantummodo
972 733 1203 790 indicat
1230 751 1386 802 eum,
1419 733 1521 807 qui
1564 734 1646 790 sit
1687 752 1921 803 censuS‚

151 811 237 868 ita
261 831 324 871 se
346 816 480 889 jam
512 819 647 870 tum
679 812 942 886 gessisse
968 831 1073 887 pro
1099 813 1249 880 cive,
1275 813 1363 869 eis
1387 814 1776 887 temporibus,
1802 815 1927 888 qui-

151 892 262 949 bus
290 900 363 950 tu
391 893 736 951 criminaris
766 910 839 948 ne
870 892 1060 966 ipsius
1090 893 1335 966 quidem
1356 893 1586 966 judicio
1611 894 1671 949 in
1702 894 1924 950 civium

152 971 579 1030 Romanorum
630 973 766 1046 j'ure
816 989 948 1028 esse
1001 981 1330 1040 versatum,
1381 978 1442 1029 et
1490 978 1925 1030 testamentum

150 1068 328 1126 saepe
360 1054 510 1110 fecit
541 1053 769 1108 nostris
792 1052 1028 1125 legibus
1052 1047 1113 1108 et
1135 1052 1289 1108 adiit
1313 1051 1679 1109 hereditates
1702 1053 1927 1109 civium
1957 1054 2031 1110 10

151 1132 582 1190 Romanorum
611 1137 674 1188 et
700 1132 765 1188 in
793 1131 1093 1188 beneficiis
1124 1132 1200 1189 ad
1232 1132 1528 1187 aerarium
1559 1132 1798 1188 delatus
1830 1139 1926 1190 est

151 1228 186 1267 a
213 1211 282 1268 L,
309 1211 576 1269 Lucullo
600 1228 710 1284 pro
734 1212 994 1268 consule.
1058 1211 1296 1283 Quaere
1321 1218 1697 1285 argumenta,
1724 1212 1775 1268 si
1806 1230 1927 1287 qua

147 1298 353 1366 potes:
400 1308 740 1365 numquam
770 1291 932 1347 enim
963 1290 1060 1348 hic
1090 1309 1285 1366 neque
1322 1308 1433 1348 suo
1476 1309 1668 1366 neque
1712 1292 1928 1349 amico·

148 1388 283 1427 rum
302 1371 544 1447 judicio
574 1371 932 1428 revincetur.
1405 1443 1409 1450 ι

230 1455 282 1509 6.
331 1452 614 1523 Quaeres
665 1468 701 1507 a
750 1451 942 1520 nobiS,
990 1449 1183 1520 Grati,
1228 1466 1334 1507 cur
1372 1454 1548 1508 tanto
1592 1467 1769 1525 opere
1813 1449 1926 1507 hoe
1956 1453 2030 1511 15

147 1529 403 1596 homine
432 1531 816 1588 delectemur.
904 1530 1063 1604 Quia
1092 1530 1447 1604 suppeditat
1489 1530 1666 1587 nobis
1715 1531 1818 1588 ubi
1860 1536 1925 1588 et

146 1612 398 1668 animus
438 1627 516 1667 ex
557 1609 671 1667 hoc
713 1609 936 1667 forensi
983 1610 1241 1685 strepitu
1288 1609 1604 1667 reficiatur.
1636 1615 1700 1666 et
1749 1627 1925 1667 aures

147 1691 434 1748 convicio
480 1689 757 1748 defessae
805 1689 1250 1764 conquiescant.
1336 1689 1441 1746 An
1489 1696 1559 1747 tu
1601 1690 1921 1747 existimas

148 1775 613 1844 aut-suppetere
644 1768 818 1826 nobis
845 1787 1023 1845 posse
1054 1768 1216 1844 quod
1244 1770 1515 1843 quotidie
1546 1769 1822 1827 dicamus
1860 1770 1925 1826 in

144 1846 328 1928 tanta
360 1850 658 1906 varietate
685 1866 902 1920 rerum,
936 1850 1052 1905 nisi
1097 1850 1337 1905 animos
1378 1855 1621 1906 nostros
1650 1849 1925 1906 doctrina
1955 1851 2030 1909 20

146 1930 522 1997 excolamus,
557 1934 664 1985 aut
703 1929 854 1985 ferre
891 1929 1129 1985 animos
1159 1934 1395 1985 tantam
1425 1946 1605 2003 posse
1636 1930 1927 1986 contenti-

147 2027 352 2079 onem,
391 2008 525 2074 ,nisi
578 2026 682 2065 eos
732 2008 1009 2065 doctrina
1056 2009 1270 2065 eadem
1317 2006 1703 2066 relaxemus?
1787 2008 1924 2083 Ego

146 2107 296 2147 vero
328 2090 526 2146 fateor
553 2106 646 2145 me
678 2086 773 2144 his
804 2088 1023 2145 studiis
1052 2105 1186 2145 esse
1218 2088 1523 2145 deditum:
1555 2094 1787 2147 ceteros
1821 2107 1926 2162 pu-

148 2170 316 2240 deat,
339 2169 394 2225 si
424 2169 526 2243 qui
556 2185 620 2224 se
642 2168 731 2224 ita
758 2167 978 2225 litteris
1001 2168 1382 2237 abdiderunt,
1407 2173 1478 2224 ut
1507 2168 1659 2225 nihil
1687 2170 1925 2243 possint

145 2267 225 2307 ex
254 2249 348 2306 eis
379 2265 573 2322 neque
615 2247 691 2304 ad
730 2265 1107 2305 communem
1153 2248 1384 2304 a'dferre
1425 2247 1689 2306 fructum
1732 2266 1923 2323 neque
1956 2250 2029 2307 25

147 2330 214 2385 in
248 2335 568 2404 aspectum
607 2326 919 2402 lucemque
947 2327 1245 2403 proferre:
1289 2345 1384 2384 me
1416 2333 1617 2383 autem
1646 2328 1794 2402 quid
1822 2347 1928 2403 pu·

145 2410 315 2479 deat,
354 2407 462 2482 qui
504 2412 600 2464 tot
644 2424 838 2464 annos
885 2408 975 2465 ita
1003 2408 1164 2477 viv0,
1203 2407 1457 2481 judiceS,
1504 2413 1574 2463 ut
1621 2425 1657 2464 a
1701 2408 1925 2465 nullius

146 2506 446 2564 umquam
476 2504 572 2544 me
595 2491 866 2561 tempore
891 2492 995 2544 aut
1016 2488 1331 2544 commodo
1363 2492 1471 2543 aut
1501 2487 1694 2543 otium
1723 2505 1925 2544 meum

151 2567 528 2626 abstraxerit
571 2572 679 2623 aut
708 2567 996 2642 voluptas
1039 2568 1310 2624 avocarit
1340 2572 1446 2623 aut
1477 2567 1732 2641 denique
1774 2585 1928 2624 som-

146 2667 274 2707 nus
304 2644 677 2719 retardarit?
763 2647 961 2719 Quare
1003 2647 1141 2723 quis
1184 2648 1433 2703 tandem
1476 2663 1572 2702 me
1615 2646 1929 2721 reprehen-
1957 2650 2032 2707 30

149 2730 269 2786 dat
299 2732 408 2785 aut
434 2727 571 2801 quis
602 2726 751 2783 mihi
786 2729 920 2801 jure
951 2733 1319 2795 succenseat,
1353 2727 1420 2795 si,
1453 2732 1746 2800 quantum
1777 2732 1930 2784 cete·

151 2808 246 2865 ris
278 2808 355 2865 ad
386 2823 533 2863 suas
555 2823 653 2862 res
685 2808 1011 2876 obeundas,
1035 2813 1327 2881 quantum
1358 2806 1435 2863 ad
1466 2806 1655 2862 festos
1684 2806 1815 2863 dies
1844 2806 1927 2862 lu-

149 2889 377 2945 d‘orum
407 2886 815 2950 celebrandos
847 2888 1152 2960 quantum'
1186 2887 1261 2943 ad
1305 2886 1457 2943 alias
1487 2886 1831 2960 voluptates
1866 2890 1929 2943 et

153 2968 240 3025 ad
271 2968 469 3042 ipsam
499 2965 761 3039 requiem
797 2967 980 3022 animi
1009 2972 1073 3023 et
1101 2966 1366 3039 corporis
1397 2966 1744 3022 conceditur
1781 2971 1929 3022 tem-

150 3063 393 3124 porum,
425 3051 722 3120 quantum
755 3046 871 3102 alii·
886 3046 1164 3102 tribuunt
1192 3044 1579 3119 tempestivis
1609 3045 1922 3113 conviviiS,
1957 3045 2031 3102 35

134 3131 455 3203 ¹«quantum
506 3125 762 3198 denique
814 3126 1066 3193 alve010‚
1120 3131 1417 3200 quantum
1464 3125 1639 3197 pilae,
1685 3130 1926 3181 tantum
1983 3159 1997 3176 ,

152 3203 316 3266 mihi
350 3210 600 3278 egomet
645 3204 720 3260 ad
765 3204 911 3261 haec
954 3205 1158 3261 studia
1199 3204 1517 3261 recolenda
1566 3220 1879 3276 sumpsero
1900 3194 1972 3258 ’.Γ

152 3283 222 3348 ,Δ
362 3327 365 3330 >
403 3284 518 3341 hoc
546 3284 683 3340 ideo
713 3284 862 3341 mihi
891 3284 1341 3341 concedendum
1381 3288 1476 3340 est
1517 3282 1733 3353 magiS,
1766 3277 1927 3350 quod
2008 3306 2011 3310 ·

150 3381 243 3428 tx
272 3425 275 3426 γ
338 3381 368 3422 s
394 3363 622 3495 sguodiis
652 3363 799 3422 haec
828 3382 1063 3440 quoque
1093 3362 1309 3420 crescit
1337 3361 1529 3418 oratio
1557 3364 1620 3415 et
1648 3356 1944 3424 facultas,-

521 3458 587 3494 10.
