2284 3717
610 202 753 250 rao
803 205 868 261 Q.
900 203 1223 252 LleAmo
1275 204 1578 252 ORATIO.
1893 191 2017 255 165

155 363 293 415 nota
334 359 489 417 mihi
535 364 694 417 sunt.
780 361 999 436 Itaque
1043 366 1207 419 certo
1251 362 1377 420 scio
1408 379 1517 420 vos
1559 379 1678 419 non
1706 368 1912 437 petere

156 440 532 513 sanguinem,
594 441 700 497 sed
767 459 980 516 parum
1038 442 1388 500 attenditis:
1457 460 1554 499 res
1623 444 1785 499 enim
1838 461 1910 499 eo

156 525 402 590 spectat,
437 526 508 577 ut
551 538 626 576 ea
654 538 864 594 poena,
897 522 960 577 in
990 539 1110 595 qua
1146 522 1344 600 adhuc
1375 522 1442 594 Q.
1477 522 1765 596 Ligarius
1795 528 1908 593 est,

154 613 268 653 non
296 599 637 656 videamini
682 617 814 657 esse
861 601 1144 658 contenti.
1234 601 1404 673 Quae
1442 608 1538 659 est
1582 602 1770 676 igitur
1798 602 1915 659 alia

154 683 389 749 praeter
417 677 724 736 mortem?
810 679 876 737 Si
917 681 1079 736 enim
1107 685 1204 737 est
1231 681 1293 736 in
1322 680 1548 751 exsilio,
1580 681 1754 738 sicuti
1796 689 1909 753 est,
1977 684 2015 741 5

156 757 292 829 quid
323 760 589 834 amplius
619 758 986 832 postulatis?
1045 760 1167 830 An,
1201 778 1274 818 ne
1305 759 1700 835 ignoscatur?
1774 762 1911 818 Hoc

155 853 291 894 vero
322 840 519 896 multo
550 839 824 896 acerbius
852 840 1163 914 multoque
1197 847 1293 897 est
1322 841 1566 897 durius:
1611 841 1770 915 quod
1801 858 1912 898 nos

158 915 382 994 [domi]
417 919 686 993 petimus
727 919 1019 994 precibus,
1052 920 1335 990 lacrimiS,
1368 921 1541 977 strati
1587 921 1664 977 ad
1706 920 1908 993 pedeS,

154 1012 266 1053 non
297 1005 431 1054 tam
462 1004 705 1055 nostrae
736 1016 954 1055 causae
984 999 1235 1057 fidentes
1264 1017 1444 1075 quam
1489 1000 1667 1073 hujus
1710 999 1915 1056 huma-

154 1076 347 1147 nitati,
381 1078 449 1133 id
490 1095 565 1135 ne
595 1078 987 1153 impetremus
1017 1080 1411 1154 oppugnabiS‚
1441 1087 1504 1137 et
1533 1080 1595 1135 in
1638 1085 1913 1136 nostrum
1945 1082 2020 1138 10

154 1154 355 1213 fletum
384 1157 704 1231 irrumpeS,
730 1164 793 1214 et
817 1176 927 1215 nos
945 1159 1220 1231 jacentes
1250 1160 1326 1217 ad
1352 1160 1538 1234 pedes
1573 1159 1914 1233 supplicum

152 1253 296 1293 voce
350 1236 751 1312 prohibebis?
846 1236 929 1308 Si,
981 1256 1118 1295 cum
1177 1238 1292 1296 hoc
1339 1239 1503 1296 domi
1562 1239 1911 1309 faceremus,

154 1317 309 1389 quod
356 1322 425 1373 et
470 1316 722 1373 fecimus
766 1321 844 1387 et,
876 1322 946 1374 ut
987 1335 1180 1392 spem,
1212 1336 1335 1376 non
1376 1318 1602 1375 frustra
1644 1318 1913 1389 fecimuS,

154 1399 221 1450 tu
264 1402 516 1469 repente
554 1396 836 1453 irruisses
879 1402 942 1453 et
983 1398 1244 1455 clamare
1284 1398 1606 1472 coepisses,
1640 1404 1652 1427 ‘
1677 1397 1743 1455 O.
1772 1396 1918 1454 an-

156 1475 264 1543 sar,
296 1493 452 1533 cave
481 1475 779 1550 ignoscaS,
804 1494 950 1533 cave
982 1483 1040 1534 te
1064 1478 1318 1534 fratrum
1346 1495 1456 1553 pro
1480 1477 1684 1534 fratris
1714 1477 1910 1533 salute
1946 1477 2021 1535 15

155 1554 604 1612 obsecrantium
635 1555 957 1625 misereat,'
979 1574 1180 1614 nonne
1211 1575 1450 1614 omnem
1473 1557 1917 1614 humanitatem

152 1632 474 1691 exuisses?
561 1635 801 1707 Quanto
849 1635 959 1692 boc
988 1637 1217 1705 duriuS,
1249 1638 1410 1712 quod
1442 1653 1551 1693 nos
1569 1635 1743 1712 domi
1769 1636 1920 1711 peti-

156 1731 303 1784 mus,
344 1714 404 1771 id
436 1719 494 1771 te
524 1714 584 1769 in
617 1714 744 1772 foro
774 1732 1121 1790 oppugnare
1152 1723 1214 1772 et
1252 1717 1315 1773 in
1346 1715 1456 1772 tali
1502 1716 1744 1772 miseria
1772 1714 1921 1771 mul-

155 1798 360 1851 torum
426 1793 771 1868 perfugium
834 1796 1280 1852 misericordiae
1335 1794 1594 1853 tollere?
1701 1795 1918 1852 Dicam

72 1945 75 1946 7
155 1874 353 1947 plane,
402 1873 645 1944 Caesar,
691 1874 852 1947 quod
909 1876 1141 1934 sentio:
1207 1876 1258 1931 si
1311 1875 1373 1931 in
1433 1875 1544 1931 hac
1592 1880 1766 1931 tanta
1812 1881 1920 1931 tua
1948 1875 2023 1932 20

157 1954 399 2011 fortuna
444 1951 665 2010 lenitas
694 1959 869 2010 tanta
897 1972 1017 2011 non
1046 1961 1223 2024 esset,
1257 1971 1438 2027 quam
1469 1961 1535 2011 tu
1568 1972 1675 2028 per
1701 1961 1779 2024 te,
1810 1969 1919 2027 per

156 2038 231 2103 te,
262 2034 532 2107 inquam,
566 2033 818 2090 obtines
845 2033 1150 2109 (intelligo
1181 2035 1327 2107 quid
1369 2034 1629 2109 loquar),
1664 2034 1920 2090 acerbis-

159 2114 309 2171 simo
366 2113 533 2169 luctu
578 2113 943 2170 redundaret
985 2114 1107 2170 ista
1149 2114 1441 2171 victoria:
1502 2131 1683 2187 quam
1740 2112 1917 2169 multi

158 2194 319 2249 enim
361 2197 568 2248 essent
596 2193 668 2249 de
702 2192 1030 2249 victoribus
1060 2193 1160 2268 qui
1207 2198 1266 2250 te
1297 2193 1597 2250 crudelem
1637 2209 1770 2249 esse
1803 2192 1921 2249 vel-

157 2272 298 2340 lent,
332 2289 470 2329 cum
514 2272 698 2328 etiam
730 2272 803 2329 de
834 2273 1016 2329 victis
1057 2271 1468 2346 reperiantur!
1514 2290 1697 2346 quam
1738 2272 1916 2328 multi
1947 2270 2023 2328 25
2071 2287 2076 2292 ·
2162 2326 2176 2338 ,

160 2353 258 2427 qui
289 2369 427 2409 cum
460 2369 496 2407 a
524 2357 586 2408 te
616 2352 851 2426 ignosci
888 2352 1116 2408 nemini
1147 2351 1386 2421 vellent,
1420 2352 1782 2427 impedirent
1809 2352 1921 2409 cle-

160 2432 452 2489 mentiam
481 2437 669 2500 tuam,
703 2449 837 2501 cum
866 2432 1049 2488 etiam
1081 2431 1160 2500 hi,
1194 2431 1414 2505 quibus
1444 2432 1573 2506 ipse
1605 2432 1915 2505 ignovisti,

161 2512 355 2568 nolint
381 2517 443 2568 te
473 2528 608 2567 esse
651 2511 715 2567 in
744 2511 895 2568 alios
926 2509 1405 2569 misericordem!
1490 2511 1665 2583 Quod
1708 2512 1759 2568 si
1789 2528 1921 2585 pro-

161 2590 299 2648 bare
334 2591 582 2649 Caesari
617 2607 932 2664 possemus
974 2591 1037 2646 in
1068 2590 1281 2648 Africa
1311 2591 1629 2665 Ligarium
1673 2592 1917 2647 omnino

162 2687 277 2728 non
306 2670 514 2740 fuisse,
543 2670 593 2727 si
624 2671 878 2727 honesto
907 2676 969 2727 et
989 2670 1360 2728 misericordi
1391 2670 1703 2728 mendacio
1734 2670 1917 2727 saluti
1948 2671 2024 2727 30

165 2750 276 2808 civi
321 2749 679 2807 calamitoso
718 2767 852 2807 esse
896 2749 1206 2820 vellemus,
1238 2755 1441 2806 tamen
1488 2749 1752 2806 hominis
1798 2768 1919 2807 non

166 2837 338 2900 esset,
372 2830 438 2886 in
468 2834 644 2886 tanto
673 2829 1020 2887 discrimine
1064 2838 1125 2886 et
1165 2829 1429 2904 periculo
1465 2829 1615 2886 civis
1656 2829 1920 2886 refellere

167 2917 222 2966 et
246 2911 616 2984 redarguere
658 2916 934 2967 nostrum
975 2909 1376 2979 mendacium,
1408 2914 1485 2978 et,
1522 2910 1574 2965 si
1616 2915 1779 2966 esset
1821 2909 1922 2966 ali-

169 2992 348 3063 cujuS,
379 2992 510 3064 ejus
557 2995 716 3046 certe
763 3007 883 3046 non
927 2994 1106 3059 esset,
1137 2990 1243 3063 qui
1285 2989 1348 3045 in
1389 2988 1599 3045 eadem
1645 3006 1830 3046 causa
1857 2993 1921 3045 et

168 3068 406 3127 fortuna
426 3070 682 3142 fuisset3
713 3070 819 3126 sed
840 3075 1045 3125 tamen
1069 3068 1233 3126 aliud
1256 3074 1352 3125 est
1373 3085 1568 3127 errare
1596 3069 1920 3127 Caesarem
1950 3066 2025 3124 35

169 3150 339 3221 nolle,
375 3149 542 3207 aliud
584 3149 741 3206 nolle
786 3149 1094 3206 misereri:
1139 3155 1284 3205 tunc
1328 3149 1591 3206 diceres:
1638 3146 1919 3219 ‘Caesam

169 3246 306 3288 cave
354 3230 603 3287 credas:
647 3228 764 3285 fuit
806 3229 871 3284 in
914 3228 1141 3298 Africa,
1174 3228 1315 3286 tulit
1360 3246 1527 3286 arma
1571 3235 1780 3285 contra
1821 3230 1922 3285 te.'

169 3307 344 3367 Nunc
400 3309 549 3383 quid
606 3306 805 3365 dicis?
906 3307 1110 3365 ‘Cave
1168 3308 1487 3380 ignoscas!
1588 3306 1759 3361 Haec
1815 3323 1924 3361 nec

170 3386 427 3448 hominis
457 3407 568 3447 nec
598 3388 677 3446 ad
706 3386 1012 3445 hominem
1043 3403 1164 3443 vox
1192 3391 1321 3444 est:
1365 3401 1486 3458 qua
1512 3384 1615 3457 qui
1644 3380 1804 3470 apud
1843 3387 1923 3469 te,
