2284 3717
238 131 365 199 124
745 149 820 197 u.
867 148 1127 196 ‘runnu
1180 146 1578 196 memmius

337 302 586 363 liceret?
673 302 791 362 Sed
836 304 982 380 quid
1026 323 1141 378 ego
1184 300 1617 379 argumentor?
1702 303 1866 377 Quid
1923 303 2107 379 plura

340 382 629 459 disputo?
687 383 790 454 Te,
818 385 887 457 Q.
917 384 1115 453 Petili,
1150 384 1404 458 appello,
1431 384 1723 457 optimum
1754 390 1819 440 et
1848 384 2106 441 fortissi-

339 482 505 521 mum
546 464 774 536 eivem;
824 470 901 533 te,
933 462 1016 521 M.
1053 463 1228 532 cato,
1259 469 1470 534 testor,
1502 480 1653 538 quos
1694 463 1846 519 mihi
1887 463 2103 520 divina

338 543 631 618 quaedam
663 559 792 599 sors
820 542 988 599 dedit
1015 543 1284 616 Judices:
1329 560 1439 598 vos
1467 559 1543 600 ex
1573 542 1654 599 M.
1690 542 1969 600 Favonio
2000 560 2104 597 au-

275 624 311 681 5
343 623 520 679 distis
568 622 848 680 Clodium
896 622 1008 678 sibi
1037 622 1262 678 dixisse
1306 628 1369 679 et
1410 622 1667 678 audistis
1695 622 1838 679 vivo
1883 621 2101 679 Clodio

336 703 668 777 periturum
692 701 988 758 Milonem
1016 702 1253 758 triduo:
1295 708 1437 776 post
1461 702 1621 759 diem
1643 701 1892 758 tertium
1919 706 2099 774 gesta

338 798 435 838 res
474 786 778 859 est,quam
809 780 1059 837 dixerat.
1147 780 1302 837 Cum
1343 780 1445 837 ille
1487 798 1608 837 non
1638 780 1936 837 dubitarit
1965 797 2102 854 ape·

338 862 454 917 rire
497 861 643 935 quid
685 860 1003 934 cogitaret,
1047 876 1159 917 vos
1205 861 1465 935 potestis
1509 860 1786 917 dubitare
1830 859 1978 934 quid
2022 859 2102 916 fe·

340 937 531 997 cerit?

238 1020 312 1078 10
432 1020 520 1078 17.
567 1018 759 1090 Quem
785 1018 861 1075 ad
883 1017 1131 1075 modum
1153 1016 1341 1092 igitur
1370 1035 1505 1074 eum
1531 1018 1663 1075 dies
1690 1035 1814 1074 non
1835 1014 2097 1075 fefellit?

343 1098 487 1155 Dixi
509 1098 787 1172 equidem
811 1098 1025 1155 modo:
1056 1097 1371 1154 dictatoris
1395 1097 1703 1154 Lanuvini
1727 1096 1896 1155 stata
1919 1097 2101 1155 sacri-

338 1176 473 1234 ficia
501 1194 679 1234 nosse
710 1178 938 1252 negotii
961 1177 1108 1234 nihil
1139 1181 1306 1249 erat;
1349 1177 1505 1234 vidit
1534 1194 1776 1234 necesse
1814 1194 1953 1233 esse
1983 1176 2100 1233 Mi-

338 1256 463 1314 loni
492 1256 787 1330 proficisci
817 1256 1168 1314 Lanuvium
1199 1256 1302 1312 illo
1340 1256 1474 1330 ipso
1503 1274 1621 1330 quo
1649 1261 1746 1312 est
1786 1257 2098 1330 profectus

341 1337 471 1393 die:
514 1336 720 1410 itaque
750 1337 1093 1393 antevertit.
1181 1335 1271 1392 At
1299 1353 1417 1410 quo
1448 1334 1591 1393 die?
1676 1336 1830 1408 QUO,
1856 1343 1926 1393 ut
1955 1343 2097 1392 ante

243 1417 315 1473 15
346 1416 488 1486 dixi,
533 1415 648 1471 fuit
692 1416 1081 1471 insanissima
1120 1416 1326 1472 concio
1370 1416 1445 1472 ab
1491 1414 1684 1490 ipsius
1726 1414 2096 1472 mercenario

340 1496 584 1552 tribuno
612 1493 806 1569 plebis
834 1495 1172 1553 concitata:
1215 1512 1391 1568 quem
1414 1494 1572 1551 diem
1605 1494 1722 1568 ille,
1745 1512 1931 1569 quam
1963 1512 2100 1551 con·

341 1575 589 1643 cionem,
634 1591 787 1647 quos
830 1574 1138 1643 clamoreS,
1184 1573 1302 1629 nisi
1346 1574 1422 1631 ad
1479 1574 1814 1648 cogitatum
1856 1573 2098 1630 facinus

343 1658 781 1728 approperaret,
833 1670 1162 1727 numquam
1206 1652 1565 1727 reliquisset.
1650 1652 1816 1727 Ergo
1873 1652 1964 1709 illi
2019 1670 2097 1710 ne

341 1749 526 1788 eausa
565 1732 808 1806 quidem
850 1732 1101 1800 itineris,
1147 1732 1331 1788 etiam
1376 1750 1561 1789 causa
1600 1732 1923 1806 manendi3
1979 1732 2100 1789 Mi-

236 1810 467 1870 2010ni
521 1810 807 1870 manendi
870 1810 1037 1868 nulla
1089 1811 1362 1880 facultas,
1420 1811 1678 1888 exeundi
1732 1829 1853 1867 non
1910 1829 2099 1868 causa

341 1890 555 1961 solum,
588 1891 695 1948 sed
723 1890 907 1946 etiam
936 1891 1267 1947 necessitas
1296 1890 1423 1948 fuit.
1500 1891 1659 1963 Quid
1684 1888 1709 1946 ἲ
1781 1890 1864 1961 Si,
1895 1897 1967 1948 ut
1994 1890 2096 1948 ille

340 1970 536 2039 scivit,
569 1969 858 2026 Milonem
888 1970 1012 2027 fore
1040 1987 1112 2026 eo
1141 1969 1240 2026 die
1270 1970 1330 2025 in
1361 1969 1477 2037 via,
1510 1971 1596 2026 sic
1628 1969 1904 2028 Clodium
1938 1970 2096 2027 Milo

340 2066 416 2105 ne
459 2048 749 2124 suspicari
792 2049 1033 2123 quidem
1080 2046 1322 2123 potuit?
1409 2048 1677 2106 Primum
1719 2067 1945 2123 quaero
1976 2049 2098 2124 qui

340 2127 402 2184 id
431 2129 581 2186 scire
623 2126 930 2203 potuerit?
1018 2127 1194 2200 Quod
1226 2145 1333 2184 vos
1373 2127 1532 2184 idem
1577 2128 1639 2183 in
1671 2127 1884 2185 Clodio
1915 2147 2097 2203 quae-

235 2209 312 2266 25
343 2224 471 2264 rere
501 2225 621 2264 non
648 2207 920 2281 potestis,
1006 2206 1095 2263 Ut
1122 2207 1284 2263 euim
1322 2208 1621 2264 neminem
1658 2207 1843 2263 alium
1872 2208 1991 2265 nisi
2023 2208 2093 2267 T.

341 2285 640 2356 Patinam,
673 2286 1207 2343 familiarissimum
1252 2303 1446 2356 suum,
1477 2292 1772 2360 rogasset,
1803 2288 1957 2344 seire
1990 2305 2095 2361 po-

340 2366 460 2424 tuit
499 2366 602 2423 illo
643 2366 775 2441 ipso
818 2366 914 2422 die
958 2366 1223 2422 Lanuvii
1265 2383 1301 2421 a
1329 2366 1621 2423 dictatore
1657 2365 1888 2423 Milone
1915 2368 2096 2441 prodi

343 2445 642 2502 flaminem
685 2462 925 2502 necesse
959 2462 1128 2517 esse3
1173 2445 1277 2502 sed
1320 2453 1494 2502 erant
1532 2445 1816 2519 permulti
1860 2446 1984 2515 alii,
2018 2464 2094 2505 ex

339 2525 555 2600 quibus
611 2524 674 2581 id
717 2524 997 2581 facillime
1048 2525 1199 2581 scire
1241 2529 1462 2599 posset.
1548 2522 1810 2602 [Omnes
1860 2526 2095 2583 scilicet

235 2607 310 2663 30
342 2601 699 2679 Lanuvini]
785 2603 938 2660 Milo
968 2603 1040 2660 de
1073 2603 1272 2662 Clodii
1313 2604 1509 2661 reditu
1539 2604 1698 2660 unde
1740 2602 2092 2678 quaesivit?

341 2684 679 2755 Quaesierit
720 2683 1180 2739 sane—videte
1210 2682 1356 2756 quid
1386 2683 1558 2739 vobis
1600 2683 1829 2756 largiar
1843 2720 1943 2753 —,
1977 2700 2094 2742 ser-

337 2781 482 2818 vum
511 2763 714 2829 etiam,
736 2767 806 2818 ut
837 2762 906 2834 Q.
941 2761 1177 2832 ArriuS,
1208 2766 1381 2818 meus
1412 2762 1656 2830 amieuS,
1690 2762 1863 2832 dixit,
1894 2780 2095 2820 corru-

334 2842 507 2916 perit.
588 2840 804 2913 Legite
846 2841 1195 2897 testimonia
1234 2841 1484 2897 testium
1515 2847 1891 2899 vestrorum:
1938 2843 2092 2899 dixit

341 2919 407 2977 C.
459 2919 781 2977 Causinius
839 2918 1073 2989 Schola,
1125 2919 1525 2988 Interamnas,
1577 2920 2090 2977 familiarissimus

234 3002 308 3057 35
337 3005 399 3055 et
439 2999 596 3054 idem
627 3014 825 3055 comes
858 2997 1073 3067 Clodii,
1105 3000 1273 3071 cujus
1305 3000 1433 3072 jam
1473 2999 1702 3074 pridem
1737 3001 2090 3057 testimonio

340 3077 591 3133 Clodius
632 3077 843 3132 eadem
888 3075 1035 3133 hora
1077 3078 1460 3134 Interamnae
1491 3078 1687 3135 fuerat
1727 3084 1791 3136 et
1833 3079 2087 3149 Romae,

338 3153 405 3209 P.
442 3153 721 3209 Clodium
775 3153 877 3209 illo
926 3156 1022 3210 die
1071 3155 1131 3211 in
1184 3156 1426 3212 Albano
1480 3174 1832 3214 mansurum
1882 3159 2086 3229 fuisse,

339 3231 445 3285 sed
495 3229 696 3286 subito
737 3231 793 3285 ei
837 3247 970 3288 esse
1025 3234 1372 3289 nuntiatum
1414 3234 1642 3309 Cyrum
1693 3236 2086 3300 architectum

337 3321 470 3360 esse
511 3311 829 3377 mortuum,
859 3307 1061 3382 itaque
1103 3317 1346 3385 repente
1391 3313 1654 3371 Romam
1696 3317 2088 3376 constituisse
