2284 3717
230 118 311 183 72
379 135 453 182 M.
478 134 538 182 Τ.
565 134 965 182 CICERONIS
1012 113 1156 181 P'Ro
1191 133 1484 183 ARCHIA
1522 134 1762 182 POETA
1798 133 2102 182 ORATIO.

418 292 618 365 Quare
657 296 1028 362 conservate,
1066 293 1319 367 judiceS,
1372 290 1678 349 hominem
1731 292 1963 367 pudore
2012 309 2099 362 eo,

336 389 516 446 quem
564 373 893 430 amicorum
936 372 1180 429 videtis*
1206 372 1577 445 comprobari
1618 389 1754 429 cum
1796 371 2100 445 dignitate

334 457 465 508 tum
496 452 677 508 etiam
711 458 1032 523 vetustate,
1065 453 1310 526 ingenio
1341 457 1541 509 autem
1574 457 1765 519 tantO,
1797 457 2094 525 quantum

336 531 398 588 id
442 533 725 589 convenit
766 532 1113 601 existimari,
1161 532 1321 606 quod
1365 548 1738 587 summorum
1784 531 2102 586 hominum

270 617 305 672 5
337 611 599 685 ingeniis
646 612 982 685 expetitum
1030 629 1165 667 csse
1211 611 1488 681 videatis,
1536 628 1720 667 causa
1769 627 1913 667 vero
1965 611 2102 683 ejus

335 692 518 760 modi,
572 709 727 765 quae
784 690 1068 747 beneficio
1118 690 1290 764 legis,
1343 690 1703 746 auctoritate
1754 689 2100 763 municipii,

336 771 685 827 testimonio
757 770 1015 840 Luculli,
1072 770 1300 826 tabulis
1369 769 1602 826 Metelli
1670 767 2102 844 comprobetur.

339 850 506 922 Quae
536 868 672 908 cum
715 851 800 906 ita
841 851 980 919 sint,
1011 850 1275 924 petimus
1304 867 1340 904 a
1368 849 1560 918 vobis,
1596 849 1846 923 judiceS,
1878 848 1933 905 si
1978 859 2100 923 qua

337 947 457 987 non
500 931 679 986 modo
724 929 1005 998 humana,
1053 946 1260 985 verum
1307 929 1496 985 etiam
1547 929 1755 985 divina
1796 928 1859 983 in
1900 928 2098 985 tantis

236 1013 307 1070 10
338 1010 603 1084 ingeniis
638 1009 1078 1066 commendatio
1122 1009 1301 1065 debet
1341 1025 1493 1076 esse,
1532 1014 1603 1064 ut
1643 1025 1800 1075 eum,
1832 1007 1939 1081 qui
1973 1024 2102 1078 VOS,

338 1090 440 1164 qui
465 1096 700 1147 vest-ros
729 1088 1142 1162 imperatores,
1170 1087 1273 1163 qui
1303 1087 1514 1162 populi
1544 1087 1812 1144 Romani
1841 1103 1943 1158 res
1975 1104 2107 1160 ges-

338 1176 437 1225 tas
468 1185 705 1243 semper
733 1169 988 1239 ornavit,
1019 1168 1125 1242 qui
1155 1167 1344 1224 etiam
1377 1167 1473 1223 his
1500 1166 1844 1223 recentibus
1873 1167 2104 1244 nostris

341 1249 682 1323 vestrisque
714 1248 1064 1304 domesticis
1091 1246 1374 1322 periculis
1404 1251 1715 1303 aeternum
1741 1262 1806 1302 se
1836 1246 2107 1303 testimo-

338 1328 509 1384 nium
550 1328 752 1384 laudis
795 1327 1084 1383 daturum
1125 1343 1260 1383 esse
1302 1325 1619 1401 profitetur
1662 1331 1875 1400 estque
1920 1343 1996 1382 ex
2033 1341 2106 1381 eo

235 1411 309 1466 15
343 1425 611 1476 numero,
645 1407 748 1481 qui
793 1423 1029 1481 semper
1071 1407 1231 1480 apud
1269 1422 1479 1462 omnes
1508 1405 1705 1462 sanct-i
1736 1409 1883 1461 sunt
1911 1402 2105 1461 habiti

341 1488 545 1562 itaque
574 1487 740 1555 dicti,
773 1487 858 1543 sic
903 1487 963 1543 in
993 1491 1268 1542 vestram
1312 1484 1621 1558 accipiatis
1662 1484 1858 1555 fidem,
1889 1489 1962 1541 ut
2003 1483 2107 1540 hu-

339 1567 635 1624 manitate
666 1572 871 1623 vestra
900 1566 1139 1622 levatus
1170 1564 1375 1638 potius
1402 1562 1586 1639 quam
1617 1564 1952 1621 acerbitate
1983 1563 2107 1620 vio-

340 1647 504 1704 latus
535 1663 669 1703 esse
699 1645 991 1702 videatur.
1081 1645 1250 1717 Quae
1293 1643 1366 1701 de
1410 1660 1596 1700 causa
1635 1661 1744 1717 pro
1787 1660 1927 1700 mea
1972 1660 2106 1700 con-

341 1726 661 1783 suetudine
712 1725 975 1781 breviter
1022 1724 1492 1799 simpliciterque
1542 1723 1686 1791 dixi,
1728 1723 1989 1797 judices,
2032 1739 2106 1778 ea

235 1808 310 1864 20
342 1805 573 1862 confido
616 1805 871 1878 probata
904 1820 1036 1860 esse
1068 1803 1383 1874 omnibus;
1428 1820 1582 1877 quae
1625 1808 1829 1858 autem
1872 1809 2105 1859 remota
2147 1813 2154 1820 “

343 1903 378 1941 a
407 1884 977 1957 mea‚judicialique
1014 1883 1453 1939 consuetudine
1496 1886 1557 1938 et
1599 1882 1673 1939 de
1717 1880 1982 1938 hominis
2024 1881 2105 1937 in·

341 1967 521 2040 genio
552 1974 613 2021 et
641 1964 1039 2021 communiter
1067 1964 1141 2019 de
1179 1963 1371 2037 ipsius
1414 1961 1618 2019 studio
1659 1961 1901 2018 locutus
1944 1978 2096 2031 sum,

248 2081 257 2094 κ
341 2063 429 2114 ea,
465 2045 719 2118 judice8‚
754 2062 790 2100 a
821 2044 996 2104 vobis
1036 2060 1209 2117 spero
1240 2060 1373 2099 esse
1405 2042 1466 2097 in
1496 2041 1715 2097 bonam
1749 2049 1986 2115 partem
2015 2056 2104 2098 ac-

341 2131 535 2202 cepta,
569 2124 644 2182 ab
673 2141 761 2195 ec,
792 2124 895 2199 qui
916 2122 1214 2196 judicium
1243 2128 1496 2192 exercet,
1527 2127 1689 2179 certo
1718 2121 1866 2181 scio.
1905 2135 1975 2222 ρ

1935 2202 1963 2223 *ἱ
