2284 3717
419 175 512 223 DE
559 176 879 223 IMPERIO
930 176 1046 224 GN.
1094 177 1409 223 POMPEII
1459 176 1762 224 ORATIO.
1931 161 2018 229 97

148 336 357 389 autem
402 332 685 407 quicquid
727 338 824 390 est
864 332 926 390 in
975 351 1070 390 me
1113 333 1320 404 studii,
1366 333 1616 403 consilii,
1660 332 1905 400 laboriS.

147 410 397 486 ingenii,
424 412 711 486 quicquid
743 412 854 469 hoc
883 413 1169 470 beneficio
1197 414 1401 488 populi
1435 413 1698 470 Romani
1729 418 1909 488 atque

146 489 263 548 hac
313 498 615 566 potestate
655 493 975 567 praetoria,
1022 493 1309 567 quicquid
1352 493 1730 561 auctoritate,
1775 492 1905 564 fide,

146 572 497 627 constantia
523 589 792 646 possum,
823 572 883 629 id
927 590 1101 628 omne
1143 572 1219 628 ad
1260 573 1414 629 hanc
1445 590 1569 628 rem
1601 571 1909 629 conficien-

145 649 291 705 dam
322 650 432 706 tibi
459 657 522 707 et
550 653 772 725 populo
804 651 1081 708 Romano
1110 651 1395 726 polliceor
1424 670 1491 708 ac
1522 651 1753 724 defer03
1792 658 1907 708 tes-
1976 656 2011 712 5

146 734 362 804 torque
392 747 601 787 omnes
630 731 777 787 deos
798 737 861 787 et
880 748 985 787 eos
1016 732 1294 800 maxime,
1320 732 1420 804 qui
1454 731 1589 787 huic
1609 731 1739 787 loco
1764 736 1905 787 tem-

142 809 365 883 ploque
409 810 771 882 praesident,
804 810 915 884 qui:
950 811 1217 866 omnium
1260 816 1494 867 mentes
1535 827 1759 879 eorum,
1802 811 1905 884 qui

144 888 221 944 ad
265 906 395 944 rem
437 890 737 964 publicam
781 890 1022 959 adeunt,
1068 890 1329 947 maxime
1377 889 1763 964 perspiciunt,
1808 907 1929 948 me.

141 966 258 1023 hoc
300 985 494 1041 neque
536 974 755 1042 rogatu
798 970 990 1026 facere
1034 971 1389 1044 cujusquam
1418 986 1608 1043 neque
1638 985 1757 1042 quo
1792 968 1899 1026 On.

141 1046 424 1121 Pompeii
466 1047 729 1121 gratiam
772 1049 924 1104 mihi
966 1066 1071 1123 per
1114 1049 1271 1105 hanc
1313 1066 1554 1105 causam
1599 1047 1905 1105 conciliari
1938 1052 2009 1108 10

138 1131 371 1199 putem,
411 1144 604 1200 neque
646 1144 764 1202 quo
806 1128 954 1184 mihi
994 1144 1069 1184 ex
1109 1130 1464 1202 cujusquam
1508 1125 1903 1201 amplitudine

137 1211 248 1262 aut
304 1206 612 1279 praesidia
663 1207 945 1282 periculis
1002 1212 1107 1264 aut
1164 1208 1511 1280 adjumenta
1571 1205 1903 1263 honoribus

136 1301 448 1359 quaeram,
495 1293 812 1360 propterea
856 1287 1017 1360 quod
1060 1287 1327 1361 pericula
1366 1285 1558 1354 facile,
1602 1290 1672 1341 ut
1717 1284 1905 1341 homi·

135 1382 278 1420 nem
324 1371 632 1439 praestare
671 1371 923 1441 oportet,
954 1366 1301 1423 innocentia
1347 1365 1490 1423 tecti
1519 1364 1898 1438 repellemus,

136 1442 433 1500 honorem
465 1451 667 1501 autem
698 1463 890 1519 neque
917 1446 991 1501 ab
1014 1462 1135 1502 uno
1159 1463 1351 1520 neque
1373 1462 1449 1501 ex
1477 1443 1589 1500 hoc
1616 1444 1764 1512 locO,
1791 1444 1898 1501 sed
1932 1446 2003 1503 15

133 1523 354 1580 eadem
373 1523 480 1579 illa
500 1529 708 1580 nostra
728 1524 1209 1581 laboriosissima
1230 1524 1465 1581 ratione
1495 1524 1678 1592 vitae,
1700 1521 1751 1578 si
1774 1539 1904 1580 ves-

134 1608 233 1658 tra
251 1602 545 1659 voluntas
573 1603 737 1673 feret,
769 1620 1219 1678 consequemur.
1307 1603 1714 1676 Quamobrem
1742 1601 1903 1675 quic-

133 1682 282 1756 quid
322 1682 387 1737 in
423 1681 537 1739 hac
565 1700 749 1739 causa
792 1681 940 1738 mihi
983 1688 1331 1757 susceptum
1374 1687 1485 1751 est,
1520 1681 1805 1753 Quirites
1837 1680 1901 1737 id

133 1778 249 1835 ego
273 1779 455 1817 omne
485 1779 580 1818 me
609 1762 694 1818 rei
723 1762 992 1837 publicae
1016 1780 1203 1818 causa
1231 1762 1570 1835 suscepisse
1594 1759 1896 1831 confirmO,

133 1845 499 1915 tantumque
542 1841 730 1911 abest,
761 1846 832 1897 ut
875 1842 1140 1914 aliquam
1185 1841 1332 1897 mihi
1377 1842 1594 1897 bonam
1639 1838 1899 1914 gratiam
1928 1841 2003 1897 20

133 1920 450 1995 quaesisse
503 1920 725 1990 videar,
773 1926 843 1977 ut
896 1920 1121 1977 multas
1177 1938 1273 1976 me
1321 1920 1506 1976 ctiam
1555 1918 1898 1976 simultates

132 2000 359 2074 partim
382 1999 688 2069 obscuraS,
711 2000 933 2074 partim
964 2006 1204 2075 apertas
1228 2000 1564 2072 intelligam
1595 1998 1744 2054 mihi
1775 2014 1894 2054 non

133 2079 531 2147 necessarias,
557 2079 732 2135 vobis
762 2096 882 2135 non
911 2079 1157 2136 inutiles
1189 2079 1542 2153 suscepisse.
1628 2077 1748 2136 Sed
1778 2094 1893 2149 ego

133 2175 226 2214 me
273 2158 390 2215 hoc
437 2157 665 2215 honore
709 2159 1069 2232 praeditum,
1114 2158 1305 2215 tantis
1336 2158 1553 2214 vestris
1595 2156 1898 2213 beneficiis

136 2239 416 2295 affectum
458 2237 666 2308 statui,
701 2238 984 2310 QuiriteS,
1018 2243 1284 2295 vestram
1314 2237 1693 2293 voluntatem
1720 2241 1783 2292 et
1810 2235 1897 2291 rei
1928 2236 2002 2293 25

132 2318 409 2391 publicae
439 2316 805 2390 dignitatem
847 2322 909 2373 et
952 2316 1211 2374 salutem
1240 2316 1685 2391 provinciarum
1716 2320 1895 2388 atque

132 2398 437 2454 sociorum
509 2395 664 2452 meis
719 2396 1000 2453 omnibus
1054 2395 1387 2453 commodis
1441 2400 1505 2452 et
1557 2394 1897 2452 rationibus

131 2478 427 2551 praeferre
473 2482 763 2550 oportere.

349 2564 382 2614 7
410 2564 520 2614 Cic.
