2284 3717
264 167 389 230 130
775 179 850 225 Π.
897 179 1158 225 ‘runnu
1207 177 1606 226 cmnssoms

373 335 705 394 Clodianae
735 353 854 392 non
884 336 1064 392 modo
1108 335 1487 392 inimicorum
1528 334 1781 391 Milonis
1826 353 2138 393 sermones

368 423 433 472 et
462 415 792 490 opinioneS,
826 415 931 471 sed
973 416 1397 471 nonnullorum
1439 415 1625 471 etiam
1664 414 2135 489 imperitorum?

369 494 427 551 N
431 496 699 569 egabant
725 512 863 550 eum
896 494 1156 551 Romam
1189 512 1324 551 esse
1354 495 1708 550 rediturum.
1798 494 1947 551 Sive
1978 496 2136 551 enim

369 575 521 631 illud
573 574 774 630 animo
824 574 980 630 irato
1033 592 1100 630 ac
1149 573 1377 649 percito
1423 574 1681 642 fecisset,
1726 584 1798 629 ut
1851 574 2136 631 incensus

305 656 340 711 5
371 654 511 711 odio
550 654 881 709 trucidaret
923 653 1253 723 inimicum,
1289 653 1755 721 arbitrabantur,
1789 671 1934 709 eum
1979 654 2135 710 tanti

370 739 626 790 mortem
675 734 740 789 P.
777 733 977 790 Clodii
1021 741 1288 807 putasse,
1333 739 1402 788 ut
1444 750 1637 807 aequo
1682 732 1889 789 animo
1932 734 2136 807 patria

369 818 614 881 careret,
637 830 772 869 cum
798 813 1091 885 sanguine
1115 813 1344 868 inimici
1368 813 1671 886 explesset
1694 812 1900 868 odium
1930 830 2136 884 suum;

371 893 497 949 sive
541 892 722 948 etiam
769 892 929 948 illius
980 901 1173 948 morte
1214 892 1472 967 patriam
1519 892 1771 948 liberare
1818 893 2134 960 voluisset,

372 990 494 1028 non
525 973 936 1028 dubitaturum
981 972 1196 1028 fortem
1228 973 1424 1028 virum
1460 971 1622 1045 quin,
1656 989 1795 1027 cum
1839 989 1955 1027 suo
1985 971 2138 1044 peri-

271 1053 340 1109 10
371 1052 504 1108 culo
568 1051 823 1107 salutem
883 1051 1106 1125 populo
1172 1052 1452 1108 Romano
1510 1051 1834 1118 attulisset,
1897 1053 2136 1107 cederet

373 1149 562 1206 aequo
595 1131 795 1187 animo
824 1130 1082 1204 legibuS‚
1109 1148 1311 1188 secum
1344 1131 1603 1187 auferret
1626 1130 1885 1205 gloriam
1921 1130 2137 1203 sempi-

375 1217 625 1279 ternam,
670 1209 846 1266 nobis
889 1210 1037 1266 haec
1081 1211 1335 1267 fruenda
1375 1209 1756 1284 relinqueret,
1803 1223 1963 1284 quae
2005 1210 2134 1283 ipse

374 1294 691 1347 servasset.
752 1289 935 1345 Multi
958 1290 1146 1346 etiam
1169 1290 1496 1348 Catilinam
1520 1296 1697 1363 atque
1718 1289 1826 1345 illa
1846 1294 2134 1363 portenta

375 1370 806 1444 loquebantur:
853 1374 886 1398 “
910 1368 1222 1444 Erumpet‚
1255 1369 1572 1444 occupabit
1607 1368 1871 1442 aliquem
1916 1369 2132 1438 locum,

276 1452 341 1508 15
372 1449 595 1505 bellum
666 1447 898 1522 patriae
954 1448 1190 1507 faciet„
1274 1450 1536 1505 Miseros
1597 1448 1904 1504 interdum
1974 1449 2136 1504 cives

375 1530 597 1604 optime
644 1528 718 1584 de
766 1545 828 1584 re
880 1528 1124 1602 publica
1170 1530 1435 1596 meritOS,
1481 1528 1544 1583 in
1586 1527 1805 1601 quibus
1856 1527 2137 1583 homines

377 1626 496 1664 non
552 1608 731 1664 modo
789 1625 884 1663 res
939 1608 1458 1682 praeclarissimas
1515 1606 1976 1676 obliviscuntur,
2030 1607 2137 1663 sed

375 1688 555 1743 etiam
587 1687 849 1743 nefarias
879 1685 1292 1761 suspicantur!
1355 1687 1520 1760 Ergo
1550 1687 1655 1742 illa
1682 1686 1838 1742 falsa
1867 1686 2133 1756 fuerunt,

377 1784 528 1839 quae
559 1772 716 1823 certe
751 1784 891 1822 vera
918 1767 1318 1835 exstitissent,
1352 1768 1404 1822 si
1448 1766 1601 1823 Milo
1642 1766 1995 1822 admisisset
2037 1766 2138 1822 ali-

273 1849 347 1903 20
377 1847 536 1919 quid,
569 1846 727 1920 quod
759 1863 877 1901 non
909 1853 1115 1920 posset
1146 1846 1394 1903 honeste
1428 1863 1680 1920 vereque
1712 1846 2053 1903 defendere.

458 1929 548 1983 24.
585 1923 783 1997 Quid?
832 1926 1000 1997 Quae
1020 1932 1232 2001 postea
1254 1925 1476 1982 suntin
1494 1944 1630 1981 eum
1652 1931 1963 1997 congesta,
1982 1942 2137 2000 quae

378 2007 654 2079 quemvis
697 2005 882 2060 etiam
925 2005 1317 2062 mediocrium
1362 2004 1715 2061 delictorum
1762 2005 2132 2061 conscientia

321 2128 326 2132 .
381 2084 789 2159 perculissent,
834 2088 904 2139 ut
958 2085 1267 2155 sustinuit,
1313 2084 1376 2140 di
1432 2082 1843 2141 immortales!
1943 2084 2140 2141 Susti-

378 2162 555 2221 nuit?
642 2164 836 2219 Immo
869 2181 1008 2220 vero
1051 2170 1121 2220 ut
1151 2164 1514 2237 contempsit
1550 2181 1618 2219 ac
1645 2181 1753 2238 pro
1797 2162 1989 2219 nihilo
2033 2181 2140 2237 pu-

273 2244 347 2301 25
378 2245 550 2314 tavit,
585 2261 736 2317 quae
780 2261 970 2317 neque
1001 2245 1269 2300 maximo
1306 2244 1506 2299 animo
1549 2261 1770 2300 nocens
1813 2261 2011 2317 neque
2053 2244 2140 2297 in-

379 2340 600 2380 nocens
631 2323 746 2379 nisi
768 2323 1135 2379 fortissimus
1160 2324 1253 2378 vir
1277 2324 1580 2396 negligere
1601 2322 1920 2396 potuisset.
1996 2321 2138 2379 Scu-

380 2412 597 2468 torum‚
621 2402 978 2475 gladiorum,
998 2404 1303 2459 frenorum
1328 2403 1703 2477 pilorumque
1728 2402 1911 2458 etiam
1937 2401 2140 2457 multi-

380 2483 526 2539 tudo
557 2482 920 2556 deprehendi
950 2500 1127 2555 posse
1169 2482 1584 2554 indicabatur3
1632 2481 1866 2537 nullum
1895 2482 1961 2537 in
1991 2481 2137 2537 urbe

382 2562 599 2630 vicum,
652 2561 883 2618 nullum
941 2562 1323 2636 angiportum
1379 2579 1512 2617 esse
1562 2561 1862 2630 dicebant,
1908 2560 1973 2617 in
2019 2578 2139 2634 quo

275 2644 348 2698 30
381 2641 597 2697 Miloni
643 2642 942 2698 conducta
982 2659 1102 2698 non
1147 2647 1307 2697 esset
1337 2641 1589 2713 domus;
1638 2657 1806 2696 arma
1834 2639 1897 2695 in
1931 2638 2138 2695 villam

383 2720 798 2777 Ocriculanam
830 2721 1082 2777 devecta
1113 2720 1334 2789 Tiberi,
1368 2721 1584 2777 domus
1612 2720 1675 2775 in
1704 2719 1859 2776 clivo
1894 2718 2142 2793 Capito-

381 2799 503 2856 lino
528 2800 713 2856 scutis
736 2800 969 2868 referta,
989 2800 1169 2874 plena
1199 2800 1402 2855 omnia
1430 2798 1842 2856 malleolorum
1868 2799 1946 2855 ad
1972 2799 2140 2854 urbis

381 2879 658 2935 incendia
681 2886 1162 2952 comparatorum
1185 2901 1198 2936 :
1244 2878 1392 2935 haec
1422 2897 1541 2935 non
1564 2878 1767 2935 delata
1789 2877 2006 2942 solum,
2030 2878 2138 2934 sed

380 2975 571 3031 paene
595 2958 837 3029 credita,
869 2976 978 3014 nec
1022 2965 1162 3015 ante
1201 2959 1518 3033 repudiata
1561 2963 1704 3014 sunt
1745 2975 1931 3031 quam
1961 2974 2141 3032 quae·

276 3039 350 3094 35
382 3038 524 3093 sita:

463 3115 820 3171 Laudabam
851 3115 1127 3187 equidem
1167 3116 1576 3174 incredibilem
1608 3116 1990 3189 diligentiam
2025 3116 2135 3175 Cn.

385 3193 676 3264 Pompeii,
704 3193 809 3247 sed
840 3194 1053 3261 dicam,
1080 3200 1147 3248 ut
1178 3196 1388 3265 sentio,
1411 3197 1682 3268 judices:
1725 3196 1912 3253 nimis
1942 3197 2139 3252 multa

384 3270 592 3324 audire
635 3274 932 3340 coguntur
962 3287 1154 3343 neque
1198 3273 1373 3329 aliter
1396 3276 1585 3332 facere
1627 3281 1890 3349 possunt
1919 3276 1982 3346 ii,
2015 3276 2141 3350 qui-

383 3344 496 3399 bus
524 3350 654 3400 tota
681 3346 1002 3400 commissa
1030 3355 1124 3403 est
1155 3366 1249 3405 res
1278 3353 1535 3423 publica.
1611 3354 1774 3426 Quin
1803 3356 1992 3412 etiam
2023 3357 2141 3412 fuit
