2284 3717
566 686 665 757 M.
705 685 1024 757 TULLII
1070 687 1566 758 CICERONIS

157 873 268 965 IN
325 877 437 968 M.
493 878 1062 967 ANTONIUM
1116 879 1500 968 ORATIO
1551 880 1966 971 PHILIP-

676 1015 917 1106 PICA
972 1018 1421 1111 QUARTA.

207 1343 258 1399 1.
293 1341 727 1409 FREQUEN'HA
743 1348 1013 1399 vestrum
1035 1341 1424 1409 incredibilis,
1448 1342 1731 1414 Quirites,
1748 1360 1885 1400 con-

136 1420 337 1496 cioque
352 1429 545 1493 tanta,
562 1432 853 1497 quantam
870 1421 1216 1479 meminisse
1232 1439 1351 1478 non
1370 1422 1661 1492 videor‚et
1676 1422 1883 1479 alacri-

135 1506 316 1558 tatem
337 1502 489 1559 mihi
513 1521 814 1559 summam
837 1502 1250 1559 defendendae
1272 1502 1356 1557 rei
1381 1502 1655 1576 publicae
1681 1502 1879 1559 adfert

137 1586 191 1636 et
235 1592 419 1656 spem·
453 1583 913 1658 recuperandae.
1003 1582 1386 1655 Quamquam
1436 1581 1676 1638 animus
1727 1582 1878 1639 mihi

138 1662 368 1733 quidem
411 1679 743 1737 numquam
777 1662 996 1718 defuit:
1046 1668 1323 1735 tempora
1352 1661 1690 1731 defuerunt,
1723 1680 1876 1735 quae
1947 1665 1982 1720 5

139 1740 308 1796 simul
347 1759 417 1797 ac
455 1742 721 1815 primum
751 1741 979 1815 aliquid
1011 1740 1159 1797 lucis
1190 1741 1504 1797 ostendere
1536 1741 1671 1796 visa
1712 1748 1870 1810 sunt,

137 1819 402 1894 princeps
452 1827 695 1878 vestra-e
745 1821 1041 1878 libertatis
1088 1820 1499 1877 defendendae
1547 1820 1662 1876 fui:
1713 1821 1876 1894 quod

141 1898 187 1954 si
214 1899 273 1956 id
303 1907 443 1957 aute
468 1901 664 1959 facere
686 1906 941 1958 conatus
963 1916 1177 1968 essem,
1201 1917 1358 1956 nunc
1382 1900 1573 1956 facere
1598 1917 1718 1956 non
1743 1917 1880 1973 pos-

142 1993 272 2036 sem.
359 1980 677 2038 Hodierno
717 1981 879 2037 enim
923 1980 1037 2048 die,
1076 1979 1363 2051 QuiriteS‚
1398 1997 1470 2034 ne
1514 1979 1874 2036 mediocrem

140 2072 256 2114 rem
284 2066 482 2127 actam
514 2060 921 2133 arbitremini3
952 2060 1349 2116 fundamenta
1368 2060 1536 2133 Jacta
1564 2065 1709 2114 sunt
1739 2059 1871 2114 reli·
1905 2061 1968 2117 11

142 2154 381 2210 quarum
412 2140 717 2196 actionum
743 2161 757 2213 3
786 2158 928 2196 nam
956 2147 1052 2196 est
1080 2139 1277 2195 hostis
1301 2157 1337 2194 a
1360 2145 1575 2195 senatu
1603 2139 1872 2195 nondum

143 2218 309 2274 verbo
362 2219 722 2294 appellatus,
768 2220 875 2276 sed
920 2237 984 2275 re
1019 2221 1147 2292 jam
1189 2219 1500 2291 judicatus
1547 2217 1872 2276 Antonius,

143 2293 307 2355 Nunc
350 2317 496 2355 vero
539 2300 731 2356 multo
775 2317 909 2356 sum
957 2299 1226 2368 erectior,
1274 2298 1434 2372 quod
1480 2314 1591 2353 vos
1635 2315 1872 2372 quoque

144 2373 298 2433 illum
331 2378 568 2435 hostem
600 2397 733 2435 esse
765 2384 936 2435 tanto
966 2394 1264 2435 consensu
1295 2384 1586 2451 tantoque
1610 2377 1869 2435 clamore

146 2459 589 2530 approbavistis
678 2458 891 2533 Neque
932 2459 1109 2525 enim,
1159 2457 1446 2530 QuiriteS,
1492 2456 1615 2512 fieri
1669 2464 1873 2530 potest
1904 2460 1974 2517 15

144 2541 343 2593 utnon
377 2545 485 2595 aut
515 2539 558 2594 ii
587 2539 710 2595 sint
744 2538 931 2612 impii,
963 2537 1064 2612 qui
1108 2544 1319 2597 contra
1360 2535 1667 2593 consulem
1710 2554 1871 2593 exer-

145 2613 285 2674 eitus
326 2623 846 2693 comparaverunt,
892 2623 995 2673 aut
1035 2616 1135 2672 ille
1179 2614 1392 2686 hostiS‚
1436 2622 1649 2673 contra
1689 2634 1870 2689 quem

145 2691 264 2762 jure
293 2715 463 2755 arma
493 2703 736 2772 sumpta
765 2702 923 2753 sunt.
997 2696 1177 2753 Hanc
1199 2695 1390 2769 igitur
1412 2695 1865 2767 dubitationem,

147 2787 494 2851 quamquam
538 2777 706 2834 nulla
746 2782 892 2846 erat,
937 2782 1143 2832 tamen
1188 2793 1262 2831 ne
1306 2793 1428 2849 qua
1466 2780 1674 2850 posset
1715 2793 1866 2845 esse,

147 2861 374 2912 senatus
417 2856 705 2914 hodierno
747 2857 843 2913 die
887 2856 1163 2912 sustulit:
1211 2854 1276 2912 C.
1313 2855 1552 2922 Caesar,
1599 2854 1701 2926 qui
1743 2871 1866 2911 rem
1900 2856 1975 2911 20

145 2933 428 3003 publicam
474 2936 934 3010 libertatemque
980 2942 1248 2992 vestram
1299 2951 1410 2991 suo
1462 2933 1683 3001 studim
1737 2952 1870 2991 con-

148 3009 284 3080 silio,
329 3016 692 3089 patrimonio
750 3016 1007 3089 denique
1063 3021 1303 3071 tutatus
1359 3021 1455 3070 est
1502 3018 1564 3070 et
1611 3018 1863 3083 tutatur,

149 3095 405 3152 maximis
462 3102 711 3152 senatus
766 3096 1050 3152 laudibus
1105 3101 1357 3151 ornatus
1413 3099 1524 3149 est.
1629 3091 1862 3161 Laudo,

150 3165 307 3229 laudo
341 3193 463 3245 VOS,
498 3175 782 3248 Quirites,
814 3175 976 3250 quod
1006 3173 1370 3248 gratissimis
1407 3170 1629 3228 animis
1671 3188 1869 3244 prose-

152 3251 377 3319 quimini
407 3273 625 3312 nomen
656 3254 972 3313 clarissimi
1013 3252 1412 3311 adolescentis
1442 3249 1538 3307 vel
1566 3249 1738 3322 pueri
1767 3267 1867 3321 po·
1897 3249 1969 3305 25

153 3327 288 3405 tius3
345 3341 488 3391 sunt
531 3335 694 3391 enim
738 3335 895 3391 facta
938 3336 1068 3407 ejus
1111 3327 1603 3394 immortalitatiS,
1648 3342 1865 3389 nomen

384 3427 390 3432 ·
1642 3411 1735 3458 187
