2284 3717
253 147 380 211 128
772 161 849 209 ιι.
884 160 1149 208 ‘runnu
1200 159 1594 208 omanoms

353 337 390 375 a
416 329 587 392 tergo
617 318 855 375 hostem
885 315 1282 374 interclusum
1309 315 1670 392 reliquisset,
1694 316 1848 375 nihil
1880 317 1956 375 de
1989 318 2122 390 ejus

351 398 640 455 extremis
680 397 1003 454 comitibus
1045 395 1355 472 cogitavit,
1399 397 1463 453 in
1503 413 1656 472 quos
1698 395 1983 454 incensos
2026 397 2121 453 ira

354 479 660 553 vitamque
692 476 919 533 domini
949 476 1342 550 desperantes
1371 493 1507 533 cum
1550 475 1887 544 incidisset,
1919 475 2121 532 haesit

353 557 416 613 in
444 557 532 613 eis
576 556 807 631 poenis,
839 572 992 630 quas
1039 556 1117 611 ab
1162 573 1235 612 eo
1274 555 1436 611 servi
1482 555 1684 611 fideles
1728 572 1839 629 pro
1886 554 2121 611 domini

284 638 322 695 5
354 636 482 691 vita
510 637 943 711 expetiverunt.
1018 634 1140 693 Cur
1170 634 1360 709 igitur
1386 650 1490 690 eos
1518 632 1919 691 manumisit?
1993 633 2123 690 Me-

351 717 564 772 tuebat
605 714 832 772 scilicet
874 732 947 771 ne
991 713 1374 784 indicaretur,
1418 731 1494 770 ne
1545 714 1814 771 dolorem
1855 713 2119 787 perferre

352 811 474 851 non
502 798 769 870 possent,
802 811 875 850 ne
905 793 1228 850 tormentis
1267 799 1630 866 cogerentur
1669 792 1939 850 occisum
1980 809 2150 849 esse.

358 892 394 930 a
425 874 618 931 servis
648 872 898 934 Milonis
939 872 1001 929 in
1032 872 1238 948 Appia
1265 872 1368 928 via
1410 872 1478 929 P.
1514 872 1795 930 Clodium
1826 871 2114 929 confiteri.

355 953 511 1025 Quid
535 970 688 1028 opus
710 957 806 1010 est
828 950 1093 1009 tortore?
1154 951 1316 1025 Quid
1344 949 1629 1026 quaeris?
1689 949 2114 1008 Occideritne?

248 1035 322 1092 10
354 1031 604 1090 Occidit.
677 1032 720 1089 J
724 1049 828 1088 ure
858 1048 936 1087 an
965 1029 1229 1103 injuria?
1300 1030 1358 1088 N
1364 1030 1470 1087 ihfl
1500 1030 1576 1087 ad
1604 1035 1896 1088 tortorem
1917 1051 1935 1088 ε
1968 1029 2119 1087 facti

349 1113 511 1169 enim
539 1112 600 1168 in
628 1110 833 1169 eculeo
860 1110 1133 1185 quaestio
1162 1114 1274 1179 est,
1296 1110 1453 1183 juris
1482 1110 1548 1167 in
1572 1109 1818 1182 judici0.

431 1193 521 1248 22.
557 1191 734 1263 Quod
764 1189 952 1265 igitur
980 1189 1043 1245 in
1071 1206 1257 1247 causa
1285 1189 1695 1264 quaerendum
1724 1194 1835 1258 est,
1860 1188 2117 1262 indaga-

353 1287 491 1327 mus
536 1270 670 1344 hic;
712 1269 873 1345 quod
914 1268 1237 1325 tormentis
1275 1268 1546 1325 invenire
1577 1269 1689 1338 vis,
1727 1268 1791 1325 id
1834 1268 2114 1326 fatemur.

351 1348 545 1406 Manu
574 1367 718 1406 vero
759 1365 867 1406 cur
908 1348 1164 1417 miserit,
1195 1348 1247 1404 si
1289 1348 1352 1405 id
1391 1347 1598 1423 potius
1641 1347 1900 1421 quaeriS,
1932 1364 2120 1421 quam

247 1427 320 1485 15
352 1446 458 1485 cur
500 1445 713 1503 parum
759 1427 976 1503 amplis
1012 1426 1274 1484 affecerit
1311 1426 1614 1502 praemiis,
1645 1426 1843 1484 nescis
1885 1424 2120 1482 inimici

350 1508 577 1565 factum
606 1506 1055 1582 reprehendere.
1128 1506 1304 1563 Dixit
1330 1506 1494 1563 enim
1523 1505 1621 1563 hic
1648 1504 1826 1576 idem,
1858 1505 1965 1581 qui
1995 1523 2121 1561 om-

350 1587 453 1644 nia
481 1605 716 1662 semper
750 1591 1100 1644 constanter
1141 1590 1204 1642 et
1244 1585 1499 1654 fortiter,
1532 1584 1616 1642 M.
1652 1583 1826 1655 cato,
1855 1591 1920 1641 et
1962 1583 2121 1641 dixit

349 1666 411 1722 in
440 1666 791 1723 turbulenta
811 1666 1112 1734 concione,
1140 1682 1295 1738 quae
1319 1669 1523 1721 tamen
1547 1664 1728 1737 hujus
1750 1664 2117 1721 auctoritate

348 1746 587 1818 placata
613 1751 724 1815 est,
757 1763 876 1803 non
904 1744 1182 1802 libertate
1214 1744 1425 1813 solum,
1458 1744 1565 1801 sed
1604 1743 1790 1800 etiam
1832 1742 2117 1800 omnibus

248 1823 321 1879 20
352 1825 637 1899 praemiis
667 1824 1058 1899 dignissimos
1103 1823 1308 1893 fuisse,
1354 1823 1459 1897 qui
1511 1821 1738 1881 domini
1786 1828 1975 1897 caput
2019 1822 2117 1879 de·

351 1904 701 1961 fendissent.
788 1903 964 1977 Quod
1019 1902 1182 1960 enim
1239 1902 1570 1976 praemium
1615 1902 1767 1958 satis
1822 1918 2115 1975 magnum

351 1989 447 2040 est
486 1989 615 2041 tam
658 1983 984 2050 benevoliS,
1015 1988 1143 2039 tam
1183 1982 1374 2051 bonis,
1408 1987 1531 2037 tam
1576 1980 1850 2038 fidelibus
1899 1980 2115 2052 servis,

348 2069 595 2138 propter
624 2080 775 2137 quos
805 2059 1005 2119 vivit?
1091 2061 1230 2118 Etsi
1274 2061 1337 2117 id
1373 2061 1620 2135 quidem
1659 2076 1780 2117 non
1809 2060 1972 2117 tanti
2001 2065 2116 2130 est,

351 2160 532 2216 quam
561 2142 722 2217 quod
763 2147 1007 2216 propter
1034 2140 1279 2197 eosdem
1319 2157 1437 2196 non
1481 2139 1776 2214 sanguine
1818 2144 1882 2196 et
1911 2139 2121 2195 vulne·

248 2219 320 2276 25
351 2221 517 2279 ribus
574 2221 700 2278 suis
745 2219 1144 2279 crudelissimi
1196 2219 1423 2275 inimici
1472 2226 1735 2275 mentem
1783 2218 2115 2293 oculosque

353 2300 639 2357 satiavit:
684 2316 835 2375 quos
878 2298 997 2356 nisi
1041 2299 1513 2368 manumisisset,
1557 2297 1876 2355 tormentis
1922 2298 2112 2354 etiam

356 2378 618 2436 dedendi
657 2379 900 2436 fuerunt
941 2382 1399 2435 conservatores
1441 2376 1690 2447 domini,
1722 2376 1950 2433 ultores
1994 2393 2119 2434 sce-

352 2459 512 2528 leris,
544 2458 890 2515 defensores
924 2457 1105 2514 necis,
1193 2455 1315 2513 Hic
1345 2473 1486 2513 vero
1515 2455 1665 2512 nihil
1708 2455 1896 2512 habet
1924 2455 1989 2512 in
2017 2455 2118 2514 his

353 2538 533 2595 malis
559 2538 720 2613 quod
748 2538 949 2594 minus
977 2536 1231 2592 moleste
1259 2535 1428 2605 ferat,
1452 2552 1654 2608 quam,
1678 2534 1866 2591 etiam
1896 2534 1949 2592 si
1970 2533 2120 2627 quid

250 2617 371 2672 30
356 2618 473 2692 ipsi
530 2617 779 2687 accidat,
825 2632 958 2673 esse
1007 2621 1213 2672 tamen
1270 2614 1392 2671 illis
1448 2614 1728 2670 meritum
1773 2615 2119 2687 praemium

354 2697 744 2771 persolutum.
807 2694 927 2752 Sed
959 2694 1347 2785 quaestiones
1378 2698 1596 2766 urgent
1619 2691 1932 2763 Milonem,
1959 2710 2117 2768 quae

360 2782 504 2833 sunt
533 2775 775 2832 habitae
817 2791 976 2831 nunc
1004 2775 1066 2830 in
1098 2772 1251 2829 atrio
1297 2772 1645 2830 Libertatis,
1734 2771 2119 2843 Quibusnam

356 2855 431 2911 de
462 2852 700 2911 servis?
786 2851 1047 2927 Rogas?
1132 2852 1225 2909 De
1264 2851 1330 2908 Ρ.
1368 2851 1579 2909 Clodii.
1666 2851 1818 2923 Quis
1847 2868 1955 2908 eos
1984 2869 2121 2925 pos·

354 2931 620 2991 tulavit?
679 2932 932 3007 Appius.
995 2930 1146 3003 Quis
1174 2928 1502 3006 produxit?
1568 2930 1822 3005 Appius.
1889 2927 2119 2990 Unde?

252 3012 325 3070 35
357 3011 459 3068 Ab
503 3011 724 3086 Appio.
811 3010 892 3067 Di
933 3009 1111 3067 boni!
1199 3009 1360 3081 Quid
1400 3014 1605 3100 potest
1650 3009 1751 3082 agi
1796 3006 2118 3067 severius?

361 3090 455 3146 De
497 3091 689 3146 servis
731 3089 899 3145 nulla
938 3089 1070 3163 lege
1100 3088 1374 3162 quaestio
1414 3093 1511 3145 est
1550 3088 1616 3144 in
1644 3087 1958 3144 dominum
1999 3087 2123 3146 nisi

359 3168 432 3224 de
461 3167 711 3234 incestu,
736 3173 804 3222 nt
831 3167 990 3222 fuit
976 3185 1038 3222 ιιι
1065 3166 1364 3223 Clodium.
1440 3166 1721 3223 Proxime
1751 3166 1897 3223 deos
1928 3184 2123 3225 acces-

362 3244 443 3299 sit
482 3243 748 3311 ClodiuS‚
779 3245 1026 3316 propius
1070 3261 1252 3316 quam
1281 3251 1427 3314 tum,
1459 3262 1596 3302 cum
1628 3246 1704 3302 ad
1729 3246 1934 3337 ipsos·
1944 3263 2123 3320 pene·

361 3324 571 3388 trarat,
602 3322 771 3392 cnjus
799 3320 873 3374 de
916 3327 1105 3377 morte
1135 3327 1448 3396 tamquam
1476 3324 1551 3381 de
1589 3324 1972 3383 caerimoniis
2001 3325 2125 3390 vio-
