2284 3717
521 171 609 218 ΙΝ
660 171 727 219 n.
761 170 1186 218 eAmnmAM
1236 169 1517 217 oRA'rlo
1566 169 1670 218 1v.
1945 154 2033 218 55

166 345 346 402 quam,
392 333 613 404 patres
659 326 1000 403 conscripti,
1036 345 1190 402 quae
1236 331 1441 403 potest
1483 343 1615 384 esse
1660 326 1722 384 in
1766 326 1926 384 tanti

166 409 389 464 sceleris
422 409 816 464 immanitate
844 408 1151 482 punienda
1173 404 1546 464 crudelitas?
1605 406 1739 481 Ego
1761 407 1925 464 enim

166 486 224 543 de
250 506 387 544 meo
419 505 611 545 sensu
638 488 882 560 judico:
928 505 1067 543 nam
1100 487 1188 543 ita
1216 486 1364 542 mihi
1396 486 1569 542 salva
1597 505 1657 543 re
1687 487 1927 562 publica

169 568 471 624 vobiscum
518 568 747 642 perfrui
796 567 989 636 liceat,
1022 573 1088 622 ut
1117 584 1250 640 eg0,
1283 566 1440 640 quod
1489 566 1550 622 in
1597 565 1708 623 hac
1740 584 1925 623 causa

168 647 576 704 vehementior
623 664 778 715 sum,
819 664 939 703 non
985 647 1307 706 atrocitate
1353 645 1537 701 animi
1587 663 1927 702 moveor—
1992 648 2029 704 5

165 727 288 797 quis
331 733 432 782 est
476 727 645 783 enim
690 744 785 783 me
831 724 1292 782 mitior?—sed
1322 724 1620 799 singulari
1654 725 1920 800 q‘uadam

169 799 538 862 humanitate
583 811 649 862 et
687 805 1133 862 misericordia:
1189 805 1397 861 videor
1438 805 1600 860 enim
1641 805 1793 861 mihi
1837 804 1923 861 vi-

165 882 291 940 dere
325 884 484 941 hanc
514 885 743 955 urbem,
768 885 958 941 lucem
992 884 1154 940 orbis
1182 890 1478 941 terrarum
1509 891 1690 958 atque
1721 902 1919 942 arcem

167 964 431 1020 omnium
464 964 758 1038 gentium,
784 965 984 1021 subito
1015 982 1133 1021 uno
1161 964 1436 1021 incendio
1466 963 1878 1021 concidentem
1903 984 1917 1036 ;

167 1058 335 1100 cerno
382 1044 589 1100 animo
636 1045 875 1119 sepulta
912 1044 975 1100 in
1019 1044 1219 1118 patria
1261 1044 1515 1100 miseros
1558 1053 1739 1118 atque
1773 1044 1925 1100 inse·
1956 1045 2029 1100 10

168 1123 364 1195 pultos
410 1140 662 1180 acervos
706 1124 965 1197 civium3
1016 1131 1296 1180 versatur
1341 1122 1488 1184 mihi
1533 1128 1674 1180 ante
1717 1123 1922 1180 oculos

169 1208 446 1276 aspectus
468 1202 726 1277 Cethegi
750 1209 812 1260 et
833 1204 997 1259 furor
1025 1203 1088 1259 in
1108 1209 1314 1260 vestra
1334 1202 1515 1259 caede
1542 1201 1923 1275 bacchantis;

168 1297 298 1337 cum
330 1299 475 1338 vero
506 1282 969 1357 mihiproposui
999 1288 1359 1357 regnantem
1393 1281 1737 1352 Lentulum,
1764 1283 1923 1339 sicut

173 1359 291 1433 ipse
321 1379 399 1418 ex
439 1361 584 1418 fatis
627 1380 692 1419 se
728 1379 1001 1436 sperasse
1031 1362 1345 1419 confessus
1378 1367 1489 1430 est,
1521 1368 1919 1437 purpuratum

171 1456 296 1496 esse
328 1440 470 1498 huie
494 1440 836 1511 Gabinium,
862 1459 999 1499 cum
1021 1443 1290 1498 exercitu
1310 1442 1549 1498 venisse
1576 1441 1921 1510 Catilinam,
1957 1443 2027 1500 15

172 1524 291 1575 tum
342 1520 842 1578 lamentationem
898 1529 1160 1578 matrum
1208 1521 1487 1590 familias,
1535 1528 1666 1578 tum
1713 1521 1923 1594 fugam

174 1598 475 1672 virginum
504 1606 687 1675 atque
730 1618 1051 1675 puerorum
1097 1620 1167 1658 ac
1197 1599 1579 1657 vexationem
1616 1600 1922 1674 virginum

174 1676 512 1736 Vestalium
569 1679 972 1754 perhorresco,
1016 1687 1096 1749 et,
1140 1681 1284 1755 quia
1340 1680 1490 1736 mihi
1536 1679 1926 1736 vehementer

175 1755 315 1815 baec
365 1760 649 1816 videntur
699 1760 918 1817 misera
966 1766 1146 1835 atque
1191 1760 1549 1828 miseranda,
1591 1760 1811 1816 idcirco
1861 1760 1922 1816 in

172 1854 285 1907 eos,
318 1838 422 1913 qui
466 1857 538 1896 ea
580 1838 859 1914 perficere
903 1840 1240 1909 voluerunt,
1285 1857 1380 1895 me
1429 1856 1702 1895 severum
1749 1839 1924 1896 vehe-
1955 1840 2029 1897 20

172 1924 551 1993 mentemque
580 1920 856 1993 praebeo,
944 1918 1186 1976 Etenim
1219 1937 1457 1993 quaero,
1490 1919 1542 1974 si
1577 1919 1713 1992 quis
1751 1925 1926 1993 pater

177 1995 447 2067 familias,
469 1998 675 2055 liberis
706 1999 834 2055 suis
865 2016 901 2055 a
922 2016 1099 2056 servo
1121 1998 1471 2068 interfectis,
1497 2015 1681 2054 uxore
1706 1999 1921 2069 occisa,

176 2073 415 2134 incensa
444 2078 641 2149 domo,
674 2079 1032 2154 supplicium
1062 2078 1135 2135 de
1181 2095 1357 2134 servo
1401 2096 1520 2134 non
1550 2095 1731 2152 quam
1771 2095 1925 2135 acer-

177 2152 484 2213 bissimum
513 2159 859 2232 sumpserit,
884 2164 1088 2214 utrum
1119 2158 1171 2214 is
1194 2159 1456 2214 clemens
1486 2176 1556 2214 ac
1586 2157 1923 2214 misericors

176 2250 249 2289 an
280 2235 816 2294 inhumanissimus
857 2243 921 2295 et
948 2238 1400 2295 crudelissimus
1441 2255 1573 2294 esse
1603 2236 1923 2296 videatur?
1957 2241 2029 2296 25

179 2312 328 2370 Mihi
360 2333 503 2372 vero
547 2316 924 2392 importunus
966 2335 1032 2374 ac
1061 2318 1305 2387 ferreuS,
1338 2317 1440 2392 qui
1485 2335 1604 2373 non
1633 2316 1835 2374 dolore
1866 2322 1929 2374 et

176 2395 435 2452 cruciatu
468 2397 739 2453 nocentis
782 2414 960 2454 suum
989 2396 1257 2453 dolorem
1287 2397 1738 2470 cruciatumque
1782 2397 1926 2454 leni·

175 2472 302 2529 erit.
388 2473 489 2532 Sic
534 2493 645 2532 nos
687 2477 749 2532 in
793 2475 889 2532 his
933 2476 1297 2544 hominibus
1342 2476 1445 2550 qui
1487 2494 1615 2544 nOS,
1648 2475 1748 2550 qui
1791 2494 1927 2534 con-

185 2551 374 2626 juges,
406 2555 507 2629 qui
553 2554 774 2612 liberos
818 2562 1058 2613 nostros
1102 2556 1403 2612 trucidare
1449 2556 1785 2626 voluerunt,
1823 2557 1923 2630 qui

177 2630 447 2706 singulas
476 2635 659 2691 unius
689 2636 973 2709 cujusque
1005 2636 1523 2692 nostrum.domos
1558 2642 1620 2692 et
1660 2635 1771 2692 hoc
1800 2636 1928 2691 uni·
1956 2637 2030 2693 30

181 2725 413 2769 versum
453 2713 537 2770 rei
579 2715 852 2787 publicae
883 2714 1254 2771 domicilium
1284 2715 1477 2771 delere
1524 2715 1725 2772 conati
1764 2722 1922 2786 sunt,

176 2790 276 2862 qui
323 2792 382 2848 id
412 2800 688 2865 egerunt,
721 2800 789 2850 ut
818 2801 1062 2869 gentem
1093 2794 1493 2868 Allobrogum
1543 2795 1602 2850 in
1643 2795 1925 2868 vestigiis

182 2863 353 2941 hujus
384 2873 548 2929 urbis
587 2878 768 2947 atque
803 2874 864 2929 in
891 2875 1088 2931 cinere
1119 2873 1435 2946 deflagrati
1477 2874 1712 2947 imperii
1753 2874 1929 2931 collo-

176 2958 394 3018 carent,
452 2952 501 3007 si
559 2952 1073 3010 vehementissimi
1139 2954 1445 3020 fuerimus,
1506 2953 1925 3010 misericordes

185 3023 566 3104 habebimur3
611 3032 706 3087 sin
753 3033 1125 3089 remissiores
1170 3050 1304 3089 esse
1351 3033 1737 3095 voluerimus,
1772 3050 1928 3088 sum·
1956 3029 2029 3087 35

184 3121 312 3163 mae
342 3111 511 3167 nobis
541 3112 917 3169 crudelitatis
949 3113 1008 3167 in
1036 3113 1265 3186 patriae
1291 3112 1633 3185 civiumque
1665 3112 1925 3184 pernicie

176 3181 340 3244 -fama
383 3192 697 3247 subeunda
730 3199 835 3249 est.
921 3191 1056 3248 Nisi
1089 3209 1230 3248 vero
1273 3192 1534 3266 cuipiam
1580 3192 1649 3247 L.
1686 3190 1923 3258 Caesar,

178 3265 278 3322 ‘vir
305 3269 670 3328 fortissimus
704 3278 766 3328 et
795 3272 1252 3329 amantissimus
1281 3273 1363 3327 rei
1406 3270 1696 3343 publicae,
1730 3268 1930 3321 crude·

176 3341 296 3404 dior
322 3352 539 3408 nudius
568 3351 784 3407 tertius
814 3353 984 3408 visus
1011 3356 1124 3419 est,
1158 3367 1294 3404 eum
1325 3347 1543 3404 sororis
1574 3360 1735 3408 suae,
1767 3343 1929 3397 femi-
