2284 3717
428 168 524 215 DE
569 168 891 217 IMPERIO
941 167 1057 217 cN.
1105 168 1424 215 POMPEII
1476 168 1775 217 οΒΑτιο.
1948 156 2032 219 98

243 328 338 383 20.
386 323 718 399 Reliquum
762 328 857 382 est
897 328 967 382 ut
1007 325 1081 382 de
1113 325 1184 397 Q.
1220 324 1424 384 Catuli
1468 326 1827 383 auctoritate
1867 331 1931 385 et

166 404 474 462 sententia
503 405 828 462 dicendum
850 422 983 461 6886
1015 405 1321 478 videatur3
1352 406 1455 479 qui
1485 423 1615 462 cum
1648 423 1725 462 ex
1754 406 1928 463 vobis

166 490 500 558 quaereret,
528 485 582 541 si
608 485 670 540 in
700 501 820 540 uno
849 484 956 542 On.
984 484 1275 558 Pompeio
1299 485 1504 541 omnia
1530 486 1851 559 poneretiS,
1878 485 1928 541 si

168 565 312 637 quid
342 581 415 620 eo
446 564 672 620 factum
703 566 881 633 esset,
911 564 974 619 in
1018 581 1137 637 quo
1186 581 1351 637 spem
1394 564 1610 620 essetis
1641 563 1927 635 habituri,

166 645 324 719 cepit
370 660 664 716 magnum
709 660 854 699 suae
884 643 1130 699 virtutis
1175 636 1482 699 fructum
1479 662 1547 701 ac
1589 644 1925 717 dignitatiS,
1996 647 2032 704 5

168 737 304 779 cum
336 740 548 778 omnes
578 740 698 778 una
732 739 915 797 prope
946 739 1091 778 voce
1132 722 1195 777 in
1237 722 1368 797 ipso
1399 740 1510 779 vos
1552 740 1720 798 spem
1763 723 1931 780 habi·

165 807 340 858 turos
385 818 521 858 esse
567 802 824 857 dixistis
910 801 1157 857 Etenim
1198 802 1341 858 talis
1385 807 1481 858 est
1510 803 1619 873 vir,
1652 808 1722 859 ut
1763 803 1929 859 nulla

166 898 267 938 res
295 886 473 937 tanta
515 881 596 937 sit
637 898 705 938 ac
748 887 876 937 tam
916 880 1186 951 difficilis,
1221 899 1402 955 quam
1432 880 1531 938 ille
1563 900 1681 938 non
1710 888 1773 939 et
1800 900 1933 939 con-

165 961 304 1018 silio
348 978 556 1033 regere
598 965 661 1017 et
700 960 1049 1034 integritate
1090 961 1246 1017 tueri
1289 968 1351 1017 et
1380 961 1603 1018 virtute
1646 960 1930 1019 conficere

162 1040 393 1114 possit:
424 1040 533 1096 sed
563 1039 626 1096 in
656 1038 769 1096 hoc
790 1040 923 1113 ipso
953 1040 1027 1095 ab
1056 1057 1125 1096 eo
1150 1039 1672 1098 vehementissime
1702 1041 1932 1098 dissen·
1962 1041 2034 1101 10

163 1120 275 1189 tio,
308 1120 471 1193 quod
517 1136 634 1194 quo
681 1119 883 1175 minus
925 1124 1088 1175 certa
1128 1125 1225 1176 est
1267 1119 1576 1175 hominum
1620 1137 1689 1176 ac
1730 1120 1931 1177 minus

164 1199 461 1255 diuturna
487 1199 634 1267 vita,
668 1197 782 1254 hoc
810 1198 1004 1272 magis
1034 1215 1129 1254 res
1158 1199 1416 1273 publica,
1450 1200 1592 1255 dum
1636 1217 1743 1273 per
1784 1201 1930 1257 deos

165 1277 547 1334 immortales
597 1277 756 1345 licet,
798 1278 914 1333 frui
960 1278 1138 1334 debet
1183 1278 1403 1334 summi
1434 1278 1549 1335 viri
1578 1280 1708 1335 vita
1750 1286 1931 1353 atque

168 1359 416 1413 virtute.
502 1356 594 1415 At
621 1357 780 1412 enim
810 1373 884 1413 ne
914 1357 1228 1431 quid-novi
1262 1357 1365 1413 fiat
1407 1362 1617 1414 contra
1655 1358 1930 1431 exempla

164 1445 354 1511 atque
398 1436 677 1492 instituta
719 1438 1028 1509 majorum.
1112 1435 1255 1493 Non
1284 1437 1480 1493 dicam
1512 1435 1623 1493 hoc
1651 1438 1783 1494 loco
1813 1455 1934 1493 ma·
1963 1440 2034 1497 15

171 1518 344 1590 jores
378 1522 620 1572 nostros
664 1533 900 1590 semper
929 1515 991 1572 in
1019 1534 1167 1590 pace
1198 1516 1636 1585 consuetudini,
1669 1516 1732 1572 in
1773 1516 1931 1573 bello

165 1594 428 1652 utilitati
467 1595 761 1670 paruisse,
795 1612 1032 1668 semper
1059 1595 1134 1651 ad
1165 1611 1357 1652 novos
1386 1612 1564 1652 casus
1592 1600 1929 1671 temporum

164 1691 469 1732 novorum
525 1675 911 1731 consiliorum
959 1676 1225 1731 rationes
1256 1674 1757 1744 accommodasse,
1809 1692 1931 1732 non

167 1755 368 1811 dicam
403 1754 522 1809 duo
564 1753 723 1810 bella
763 1753 1042 1823 maxima,
1076 1754 1373 1811 Punicum
1421 1759 1601 1828 atque
1647 1751 1932 1828 Hispani-

165 1851 335 1903 ense,
364 1833 437 1889 ab
464 1850 586 1889 uno
616 1833 976 1906 imperatore
1000 1851 1132 1890 6886
1158 1834 1431 1890 confecta
1453 1834 1721 1907 duasque
1752 1831 1930 1890 urbes
1960 1836 2035 1892 20

166 1912 651 1987 potentissimaS‚
675 1931 828 1986 quae
852 1912 992 1968 huic
1016 1913 1268 1987 imperio
1291 1912 1548 1969 maxime
1573 1913 1934 1968 minitaban-

168 1998 292 2062 tur,
325 1991 772 2065 Karthaginem
805 1997 985 2066 atque
1018 1991 1433 2060 Numantiam,
1468 1993 1541 2048 ab
1570 1992 1781 2048 eodem
1812 1991 1934 2049 Sci:

166 2073 352 2146 pione
371 2088 504 2127 esse
523 2071 781 2143 deletas3
809 2089 930 2127 nou
949 2072 1428 2127 commemorabo
1449 2087 1635 2146 nuper
1655 2072 1740 2127 ita
1755 2072 1927 2127 vobis

168 2151 567 2225 patribusque
598 2151 821 2207 vestris
863 2167 995 2207 6886
1026 2151 1242 2219 visum,
1272 2156 1342 2207 ut
1383 2151 1445 2207 in
1482 2168 1603 2206 uno
1636 2150 1702 2209 O.
1734 2150 1932 2207 Mario

168 2246 315 2305 spes
345 2229 581 2302 imperii
610 2235 948 2303 poneretur,
973 2235 1041 2286 ut
1068 2230 1230 2286 idem
1253 2247 1388 2285 cum
1417 2229 1459 2286 J
1464 2230 1745 2303 ugurtha,
1772 2230 1929 2286 idem
1961 2232 2034 2289 25

169 2327 313 2367 cum
351 2308 632 2378 CimbriS,
663 2309 824 2365 idem
868 2326 1002 2365 cum
1047 2309 1341 2365 Teutonis
1384 2309 1604 2365 bellum
1648 2309 1931 2365 adminis-

167 2394 398 2446 traret:
442 2388 506 2443 in
549 2388 679 2462 ipso
710 2387 818 2446 Cn.
854 2388 1160 2463 PompeiO,
1193 2388 1253 2443 in
1297 2406 1416 2463 quo
1458 2388 1600 2444 novi
1644 2388 1932 2445 constitui

170 2468 327 2525 nihil
348 2466 482 2523 vult
513 2468 582 2540 Q.
613 2467 884 2536 Catulus„
917 2484 1099 2541 quam
1131 2467 1325 2523 multa
1354 2467 1477 2523 sint
1505 2484 1665 2524 nova
1692 2484 1931 2524 summa

170 2548 243 2620 Q.
281 2546 490 2604 Catuli
520 2546 834 2603 voluntate
863 2545 1199 2603 constituta
1227 2546 1638 2604 recordamini.

252 2627 346 2683 21.
398 2625 554 2697 Quid
586 2631 711 2683 tam
740 2643 965 2682 novum
990 2643 1171 2699 quam
1198 2625 1712 2683 adolescentulum
1739 2624 1931 2700 priva-
1960 2627 2035 2684 30

167 2711 306 2763 tum
348 2705 677 2762 exercitum
725 2704 946 2761 difficili
990 2706 1072 2761 rei
1122 2705 1398 2778 publicae
1448 2711 1716 2778 tempore
1760 2704 1933 2761 confi-

167 2782 355 2843 cere?
429 2783 720 2842 confecit.
801 2784 962 2841 Huic
989 2782 1312 2859 praeesse?
1399 2784 1687 2841 Praefuit.
1772 2784 1929 2840 Rem

168 2864 401 2940 optime
432 2864 619 2920 ductu
647 2862 1038 2937 sucgerere?
1118 2863 1340 2920 Gessit.
1422 2863 1582 2935 Quid
1610 2870 1735 2919 tam
1766 2880 1934 2937 prae·

169 2949 261 3001 ter
280 2942 780 3000 consuetudinem
799 2960 979 3016 quam
1002 2941 1231 2999 homini
1251 2942 1740 3017 peradolescenti,
1763 2943 1931 3015 cujus

171 3029 344 3080 aetas
374 3039 412 3078 a
440 3022 741 3078 senatorio
771 3022 962 3095 gradu
992 3021 1168 3095 longe
1213 3022 1465 3089 abesset,
1497 3021 1811 3094 imperium
1847 3026 1933 3076 at-
1960 3019 2035 3077 35

169 3121 284 3176 que
315 3100 651 3158 exercitum
680 3101 824 3169 dari,
852 3100 1116 3157 Siciliam
1148 3101 1413 3175 permitti
1448 3106 1628 3174 atque
1661 3098 1925 3155 Africam

171 3181 568 3255 bellumque'
552 3198 615 3235 m
644 3197 716 3236 ea
755 3180 1068 3253 provincia
1111 3176 1703 3235 administrandum?
1789 3176 1933 3231 Fuit

171 3260 235 3317 in
265 3259 360 3317 his
389 3259 720 3334 provinciis
752 3259 1046 3331 singulari
1079 3257 1433 3324 innocentia,
1469 3257 1786 3329 gravitate,
1821 3254 1933 3307 vir-

172 3344 343 3415 tute3
385 3338 660 3397 bellum
644 3357 707 3395 m
737 3338 947 3396 Africa
974 3338 1307 3394 maximum
1338 3335 1611 3402 confecit,
1643 3331 1929 3386 victorem
