2284 3717
211 125 336 190 152
687 140 763 187 11.
812 138 1071 186 'runnu
1122 137 1520 185 olonssoms

313 296 547 366 eadem,
571 314 724 371 quae
755 313 953 370 saepe,
978 296 1220 353 fortuna
1249 293 1554 352 servavit:
1600 294 1914 370 negavisti
1944 300 2081 354 tum

315 382 377 434 te
406 376 699 450 inspicere
730 375 895 432 velle.

394 456 444 516 7.
491 456 652 529 Quid
690 451 944 530 postea?
1028 453 1132 511 An
1177 454 1516 524 DeiotaruS,
1548 470 1612 510 re
1654 453 1759 511 illo
1801 459 2079 529 tempore

319 552 440 592 non
482 535 761 609 perfecta,
797 533 1080 591 continuo
1110 533 1345 590 dimisit
1388 530 1761 590 exercitum?
1848 533 1910 590 N
1916 534 2080 590 ullus

251 616 286 673 5
316 619 446 671 erat
468 614 625 671 alius
655 613 983 670 insidiandi
1013 610 1225 671 locus?
1284 613 1373 670 At
1394 614 1603 669 eodem
1632 618 1710 682 te,
1743 629 1885 669 cum
1910 630 2083 670 cena-

317 694 531 764 visseS,
579 694 912 751 rediturum
968 692 1224 761 dixeraS,
1273 691 1478 767 itaque
1533 692 1746 749 fecisti.
1836 691 2080 748 Horam

317 791 501 830 unam
552 781 658 830 aut
699 773 852 830 duas
900 772 1111 829 eodem
1162 771 1291 828 loco
1349 777 1632 842 armatOS,
1676 776 1748 828 ut
1796 771 2080 828 collocati

319 853 572 923 fuerant,
609 853 865 910 retinere
908 868 1199 925 magnum
1240 848 1399 908 fuit?
1487 850 1640 909 Cum
1681 850 1743 906 in
1788 850 2079 907 convivio

318 933 568 989 comiter
596 938 658 988 et
677 931 939 1007 jucunde
967 931 1202 1000 fuisseS,
1227 935 1358 986 tum
1386 930 1527 987 illuc
1557 929 1675 999 isti,
1701 936 1773 987 ut
1796 930 2040 987 dixeras
2058 949 2076 986 ε

217 1013 288 1069 10
318 1012 547 1086 quo-in
596 1011 725 1068 loco
777 1011 1134 1068 Deiotarum
1184 1009 1369 1067 talem
1417 1027 1562 1084 erga
1600 1016 1661 1065 te
1704 1008 2074 1083 cognovisti,

320 1090 516 1165 qualis
544 1109 648 1147 rex
679 1090 932 1150 Attalus
975 1090 1038 1146 in
1069 1089 1135 1146 P.
1171 1088 1527 1146 Africanum
1554 1089 1686 1159 fuit,
1718 1089 1817 1146 cui
1845 1088 2071 1163 magni·

315 1170 702 1228 ficentissima
748 1171 923 1240 dona,
969 1175 1040 1227 ut
1094 1169 1384 1244 scriptum
1439 1168 1713 1242 legimus,
1760 1185 1956 1243 usque
2000 1167 2079 1225 ad

319 1249 716 1307 Numantiam
758 1249 925 1306 misit
966 1266 1043 1305 ex
1081 1248 1253 1317 Asia,
1286 1266 1439 1322 quae
1476 1248 1803 1307 Africanus
1844 1248 2079 1322 inspec—

320 1334 490 1386 tante
537 1329 799 1386 exercitu
845 1328 1110 1403 accepit3
1166 1328 1327 1402 quod
1383 1345 1520 1384 cum
1563 1344 1852 1402 praesens
1899 1327 2078 1384 Deio-

220 1411 290 1467 15
323 1415 492 1465 tarus
532 1410 699 1483 regio
729 1413 791 1465 et
832 1408 1031 1465 animo
1060 1413 1122 1464 et
1155 1424 1317 1463 more
1348 1406 1603 1476 fecisset,
1635 1412 1705 1463 tu
1745 1406 1805 1462 in
1838 1406 2078 1463 cubicu-

322 1488 447 1544 lum
479 1487 832 1546 discessisti.
920 1486 1202 1555 Obsecr0,
1230 1486 1472 1558 Caesar,
1498 1493 1702 1560 repete
1732 1485 1900 1543 illius
1928 1492 2079 1544 tem-

320 1569 485 1642 poris
526 1568 893 1635 memoriam,
923 1584 1080 1640 pone
1122 1566 1293 1621 illum
1324 1572 1462 1622 ante
1501 1565 1705 1623 oculos
1736 1566 1917 1637 diem,
1953 1566 2077 1622 vul-

322 1654 423 1703 tus
467 1647 777 1704 hominum
807 1651 867 1703 te
903 1646 1264 1702 intuentium
1309 1651 1486 1719 atque
1532 1645 1965 1702 admirantium
1995 1662 2076 1702 re-

322 1726 582 1785 cordare.
696 1726 859 1783 Num
917 1743 1071 1799 quae
1127 1723 1493 1800 trepidatio?
1601 1723 1767 1781 Num
1825 1724 1934 1799 qui
1991 1730 2077 1782 tu-

219 1807 292 1863 20
325 1805 595 1864 multus?
679 1805 842 1862 Num
878 1805 1020 1879 quid
1062 1804 1181 1861 nisi
1224 1804 1511 1873 modeste,
1543 1804 1661 1861 nisi
1703 1803 1928 1878 quiete,
1959 1804 2076 1862 nisi

322 1903 396 1942 ex
452 1885 715 1942 hominis
771 1884 1120 1959 gravissimi
1164 1891 1226 1941 et
1281 1884 1652 1941 sanctissimi
1709 1881 2075 1959 disciplina?

327 1964 486 2038 Quid
528 1966 714 2039 igitur
743 1981 960 2021 causae
988 1963 1318 2037 excogitari
1357 1968 1560 2038 potest
1600 1980 1704 2021 cur
1730 1967 1792 2020 te
1839 1963 2077 2021 lautum

325 2045 597 2113 voluerit,
631 2051 911 2101 cenatum
941 2043 1204 2099 noluerit
1234 2041 1545 2100 occidere?
1629 2043 1702 2099 In
1744 2049 2075 2117 posterum,

321 2122 535 2199 inquit,
582 2124 740 2181 diem
782 2123 1035 2192 distulit,
1081 2128 1164 2191 ut,
1203 2140 1338 2180 cum
1386 2122 1449 2179 in
1491 2122 1809 2180 castellum
1861 2123 2074 2180 Peium

219 2203 291 2259 25
324 2210 571 2260 ventum
619 2208 796 2272 esset,
845 2203 928 2259 ibi
984 2202 1253 2276 cogitata
1299 2201 1620 2277 perficeret.
1705 2200 1850 2259 Non
1898 2203 2076 2260 video

324 2300 566 2339 causam
595 2282 874 2339 mutandi
915 2281 1047 2351 loci,
1080 2282 1186 2338 sed
1218 2288 1421 2338 tamen
1465 2287 1600 2339 acta
1628 2298 1725 2338 res
1755 2281 2075 2339 criminose

323 2367 432 2418 est.
520 2361 692 2432 Cum,
725 2361 937 2437 inquit,
972 2377 1213 2418 vomere
1254 2366 1392 2436 post
1421 2379 1628 2418 cenam
1671 2365 1732 2417 te
1767 2361 1923 2418 velle
1955 2363 2079 2419 dix-

324 2441 494 2510 isses,
540 2441 602 2497 in
652 2441 935 2498 balneum
983 2446 1042 2497 te
1091 2440 1307 2497 ducere
1357 2444 1713 2515 coeperunt:
1771 2439 1858 2496 ibi
1916 2442 2077 2498 enim

323 2527 496 2577 erant
526 2520 798 2578 insidiae.
885 2520 975 2576 At
1001 2525 1061 2576 te
1091 2520 1301 2576 eadem
1343 2524 1451 2576 tua
1480 2521 1724 2576 fortuna
1766 2521 2075 2577 servavit:

221 2599 295 2655 30
325 2600 386 2657 in
417 2601 690 2658 cubiculo
719 2599 895 2656 malle
925 2599 1151 2656 dixisti.
1243 2598 1324 2654 Di
1354 2605 1413 2655 te
1448 2599 1750 2673 perduint,
1781 2597 2075 2672 fugitive!

327 2678 428 2738 Ita
471 2697 591 2736 non
633 2679 810 2736 modo
853 2696 1113 2753 nequam
1156 2682 1217 2734 et
1258 2677 1581 2753 improbus,
1618 2678 1724 2734 sed
1768 2677 1978 2736 fatuus
2018 2685 2079 2737 et

325 2777 533 2816 amens
560 2777 642 2817 es,
729 2756 933 2831 Quid?
1016 2757 1128 2815 Ille
1172 2757 1351 2830 signa
1392 2764 1578 2814 aenea
1605 2757 1667 2813 in
1710 2756 1954 2815 insidiis
1981 2776 2074 2834 po·

324 2844 544 2908 suerat,
577 2856 730 2912 quae
772 2856 804 2894 e
842 2836 1057 2894 balneo
1102 2836 1167 2893 in
1213 2837 1553 2893 cubiculum
1597 2836 1911 2894 transferri
1958 2854 2079 2894 non

323 2916 617 2992 possent?
703 2917 914 2974 Habes
968 2916 1223 2972 crimina
1270 2915 1661 2974 insidiarum:
1717 2915 1871 2972 nihil
1916 2918 2076 2974 enim

227 2996 295 3052 35
327 2997 479 3053 dixit
550 2996 826 3070 amplius
942 2994 1199 3066 Horum,
1272 2994 1485 3069 inquit,
1542 3013 1707 3052 eram
1779 2998 2073 3054 conscius.

329 3076 489 3146 Quid
532 3073 708 3138 tum?
791 3075 892 3131 Ita
939 3073 1039 3129 ille
1090 3074 1337 3130 demens
1385 3080 1532 3145 erat,
1577 3080 1646 3131 ut
1695 3092 1854 3144 eum,
1898 3093 2075 3150 quem

326 3152 628 3206 conscium
685 3152 840 3207 tanti
896 3151 1135 3206 sceleris
1193 3151 1455 3220 haberet,
1500 3171 1535 3210 a
1590 3171 1653 3211 se
1697 3153 2075 3212 dimitteret?

329 3227 588 3280 Romam
619 3228 804 3281 etiam
838 3228 1123 3295 mitteret,
1157 3229 1260 3282 ubi
1289 3234 1351 3284 et
1388 3232 1867 3289 inimicissimum
1901 3235 2079 3292 sciret

327 3316 460 3355 esse
502 3309 778 3373 nepotem
811 3320 983 3357 suum
1018 3309 1079 3360 et
1111 3305 1177 3362 O.
1208 3305 1549 3380 Caesarem,
1580 3311 1676 3366 cui
1706 3311 1957 3371 fecisset
1998 3315 2078 3369 in·
