2284 3717
509 153 653 200 PRO
706 152 998 199 ARcmA
1048 153 1287 199 POETA
1339 153 1638 199 ORATIO.
1922 138 2006 201 63

159 304 340 364 famae
363 327 499 366 cum
519 315 686 367 esset
704 311 832 382 jam
858 309 1204 367 absentibus
1229 315 1424 379 notuS,
1449 309 1712 366 Romam
1733 309 1900 366 venit

158 382 343 444 Mario
371 390 617 446 consule
646 395 710 445 et
742 389 977 446 Catulo.
1062 389 1299 446 Nactus
1341 395 1436 445 est
1475 390 1734 464 primum
1766 407 1900 445 con·

160 466 308 523 sules
337 486 456 540 eos,
481 473 739 544 'quorum
771 468 925 523 alter
945 485 1038 525 res
1062 469 1139 525 ad
1170 469 1550 525 scribendum
1581 469 1896 539 maximas,

161 543 300 602 alter
325 565 459 604 cum
489 566 586 605 res
615 552 827 622 gestas
855 556 986 603 tum
1013 548 1197 604 etiam
1228 548 1497 604 studium
1523 555 1700 623 atque
1725 565 1899 604 aures

161 623 426 684 adhibere
456 633 684 702 posset.
774 626 997 683 Statim
1027 625 1282 697 Luculli,
1314 645 1446 684 cum
1484 635 1900 700 praetextatus
1967 628 2003 685 5

158 704 330 761 etiam
370 712 503 764 tum
533 706 795 762 Archias
824 712 999 774 esset,
1030 724 1167 763 eum
1201 707 1447 763 domum
1476 725 1646 762 suam
1675 725 1903 781 recepe-

159 789 306 839 runt.
391 785 514 843 Sed
559 786 747 841 etiam
799 784 910 841 hoc
952 802 1070 841 non
1100 786 1295 842 solum
1325 786 1551 858 ingenii
1583 804 1650 843 ac
1682 787 1903 843 littera-

158 878 297 933 rum,
330 882 540 921 verum
569 866 756 921 etiam
786 870 1036 921 naturae
1069 873 1249 939 atque
1281 866 1542 936 virtutis,
1570 871 1636 921 ut
1666 866 1898 934 domuS,

159 958 301 1014 quae
332 943 513 1018 hujus
543 944 982 1000 adolescentiae
1012 944 1209 1017 prima
1238 945 1367 1012 fuit,
1393 945 1604 1001 eadem
1632 952 1795 1002 esset
1825 945 1904 1000 fa-

157 1022 561 1080 miliarissima
583 1023 894 1079 senectuti.
980 1023 1132 1079 Erat
1159 1024 1532 1097 temporibus
1562 1024 1679 1080 illis
1700 1026 1905 1097 jucun·
1936 1026 2008 1079 10

160 1100 265 1157 dus
306 1103 561 1161 Metello
591 1102 679 1157 illi
709 1101 1036 1168 Numidico
1065 1108 1127 1159 et
1155 1104 1282 1176 ejus
1313 1102 1427 1159 Pio
1457 1101 1594 1171 filio,
1627 1104 1905 1159 audieba-

158 1184 250 1236 tur
276 1199 311 1237 a
338 1182 423 1239 M.
452 1182 736 1249 Aemilio,
762 1181 1009 1237 vivebat
1037 1199 1173 1238 cum
1207 1182 1274 1253 Q.
1306 1182 1525 1239 Catulo
1555 1188 1617 1238 et
1643 1189 1812 1257 patre
1842 1188 1904 1239 et

158 1258 286 1330 filio,
313 1280 347 1317 a
379 1262 454 1318 L.
481 1260 702 1318 Crasso
732 1261 1054 1329 colebatur,
1080 1260 1369 1317 Lucullos
1387 1277 1529 1316 vero
1552 1267 1614 1317 et
1637 1263 1905 1319 Drusum

156 1344 213 1395 et
241 1339 535 1397 Octavios
563 1345 625 1396 et
657 1339 953 1397 Catonem
980 1345 1043 1395 et
1070 1345 1260 1396 totam
1301 1340 1762 1398 Hortensiorum
1809 1341 1909 1396 do-

154 1436 312 1476 mum
342 1419 696 1476 devinctam
726 1418 1159 1475 consuetudine
1183 1437 1319 1476 cum
1347 1425 1595 1488 teneret,
1622 1420 1908 1476 afficiebas
1940 1422 2010 1477 15

154 1502 249 1553 tur
277 1515 520 1556 summo
566 1498 806 1567 honore,
839 1498 1000 1572 quod
1048 1515 1185 1554 eum
1231 1517 1352 1555 non
1392 1500 1585 1555 solum
1631 1499 1909 1556 colebant

155 1578 252 1652 qui
285 1578 519 1651 aliquid
548 1578 848 1652 percipere
880 1584 1053 1652 atque
1086 1578 1289 1635 audire
1320 1578 1663 1649 studebant,
1697 1596 1907 1635 verum

154 1674 184 1712 e
215 1658 333 1714 'am
367 1658 423 1713 si
451 1657 553 1731 qui
582 1658 731 1713 forte
762 1657 1150 1713 simulabant.

160 1765 179 1778 ·
232 1741 282 1794 4.
330 1736 590 1793 Interim
619 1737 769 1792 satis
797 1736 1348 1809 longo·interva110,
1381 1754 1517 1794 cum
1563 1741 1725 1792 esset
1770 1754 1906 1793 cum

153 1814 235 1872 M.
270 1815 534 1873 Lucullo
562 1815 624 1872 in
655 1814 923 1871 Siciliam
951 1816 1253 1890 profectus
1282 1824 1343 1872 et
1371 1834 1507 1872 cum
1552 1834 1624 1871 ex
1667 1834 1739 1871 ea
1775 1833 1908 1889 pro·
1939 1815 2014 1872 20

153 1894 360 1952 vincia
407 1912 543 1951 cum
594 1894 803 1951 eodem
849 1895 1104 1951 Lucullo
1147 1894 1475 1965 decederet,
1509 1895 1676 1960 venit
1722 1895 1912 1950 Hera-

153 1975 373 2032 cliam.
360 1996 373 2008 ·
408 1991 559 2048 quae
591 1991 729 2030 cum
759 1980 921 2030 esset
944 1974 1164 2030 civitas
1184 1975 1550 2047 aequissimo
1571 1976 1703 2047 jure
1730 1992 1797 2030 ac
1822 1974 1939 2030 foe-

154 2055 313 2123 dere,
349 2054 566 2112 ascribi
600 2070 664 2109 se
692 2053 755 2109 in
785 2070 916 2109 eam
961 2053 1273 2110 civitatem
1306 2054 1510 2121 voluit,
1544 2054 1738 2127 idque,
1774 2071 1906 2110 cum

152 2133 280 2207 ipse
304 2149 419 2207 per
447 2150 511 2188 se
540 2132 761 2206 dignus
790 2138 1116 2207 putaretur,
1142 2139 1274 2189 tum
1306 2133 1664 2192 auctoritate
1690 2139 1751 2189 et
1780 2150 1914 2206 gra·

151 2213 242 2270 tia
271 2211 519 2269 Luculli
547 2212 621 2268 ab
653 2211 1148 2268 Heracliensibus
1178 2212 1580 2284 impetravit·
1581 2201 1795 2268 Data
1819 2217 1912 2267 est
1942 2213 2013 2270 25

153 2293 377 2348 civitas
425 2290 659 2348 Silvani
698 2291 829 2363 lege
875 2296 937 2346 et
980 2290 1294 2358 Carbonis
1345 2291 1394 2346 si
1442 2291 1541 2364 qui
1587 2291 1910 2348 foederatis

153 2370 517 2428 civitatibus
547 2370 787 2444 ascripti
819 2370 1105 2426 fuissent:
1138 2370 1188 2426 si
1221 2377 1366 2437 tum,
1394 2387 1525 2425 cum
1559 2370 1656 2425 lex
1690 2371 1913 2426 foreba-

151 2454 272 2520 tur,
307 2450 373 2505 in
420 2448 603 2504 Italia
640 2449 1008 2505 domicilium
1039 2449 1394 2505 habuissent
1422 2454 1483 2504 et
1513 2449 1563 2503 si
1594 2449 1911 2522 sexaginta

152 2529 377 2586 diebus
425 2527 585 2601 apud
628 2534 963 2601 praetorem
1011 2533 1215 2584 essent
1257 2528 1532 2602 professi.
1624 2527 1778 2585 Cum
1819 2528 1912 2584 hic

151 2606 539 2666 domicilium
571 2606 802 2663 Romae
831 2608 1054 2663 multos
1087 2608 1215 2679 Jam
1252 2623 1443 2662 annos
1489 2606 1751 2674 haberet,
1783 2624 1916 2679 pro·
1944 2610 2017 2664 30

151 2688 358 2745 fessus
398 2691 496 2741 est
527 2685 684 2758 apud
711 2690 1047 2760 praetorem
1081 2686 1150 2758 Q.
1183 2685 1496 2741 Metellum
1528 2686 1917 2742 familiarissi-

150 2784 322 2824 mum
356 2781 556 2821 suum.
646 2763 711 2820 Si
758 2764 906 2820 nihil
955 2765 1117 2821 aliud
1151 2765 1266 2820 nisi
1299 2764 1371 2819 de
1402 2764 1649 2820 civitate
1682 2783 1750 2821 ac
1780 2765 1912 2837 lege

151 2846 438 2912 dicimUS,
469 2841 620 2899 nihil
664 2843 796 2899 dico
843 2844 1113 2917 ampliuS‚
1147 2861 1331 2899 causa
1368 2843 1529 2899 dicta
1556 2849 1665 2899 est.
1755 2843 1913 2915 Quid

153 2927 317 2984 enim
361 2922 580 2979 horum
627 2921 930 2992 infirmari,
964 2922 1152 2991 Grati,
1182 2920 1429 2996 potest?
1517 2922 1914 2978 Heracliaene

148 3021 289 3064 esse
320 3009 457 3060 tum
489 3000 815 3073 ascriptum
839 3000 1131 3075 negabis?
1179 3002 1377 3057 Adest
1401 3000 1492 3054 vir
1521 3017 1758 3056 summa
1788 3018 1918 3056 auc-
1948 2999 2021 3056 35

148 3083 411 3144 toritate
442 3083 505 3135 et
532 3079 822 3152 religione
851 3085 911 3136 et
946 3080 1078 3147 fide,
1111 3079 1195 3135 M.
1230 3078 1537 3146 LuculluS‚
1571 3079 1669 3153 qui
1702 3097 1765 3135 se
1798 3095 1913 3133 non

148 3159 418 3237 wiuari,
446 3158 554 3215 sed
577 3158 743 3226 scire,
767 3176 883 3215 non
917 3159 1177 3226 audisse,
1201 3158 1305 3223 sed
1331 3156 1573 3224 vidisse,
1600 3175 1719 3213 non
1743 3157 1900 3211 inter

150 3235 368 3314 fixisse,
402 3236 514 3292 sed
542 3237 737 3308 egisse
767 3237 948 3309 dicit3
994 3238 1216 3293 adsunt
1248 3236 1672 3292 Heraclienses
1714 3232 1916 3302 legati,

148 3315 535 3392 milissimi
565 3314 837 3373 homines
867 3281 1043 3389 hu'jus
1063 3315 1272 3388 judicii
1303 3321 1486 3369 causa
1513 3325 1648 3363 cum
1676 3308 1922 3362 manda·
