2284 3717
479 181 633 228 rao
682 181 742 228 τ’.
776 179 1024 228 ΑΝΝΙο
1075 180 1368 228 MILONE
1418 181 1721 228 ORATIO.
1911 166 2033 229 129

155 336 297 395 latis
338 338 679 414 quaeritur.
784 337 905 396 Sed
946 349 1151 395 tamen
1192 339 1450 412 majores
1492 338 1684 396 nostri
1725 338 1790 395 in
1829 338 1929 395 do-

153 419 389 474 minum
421 419 498 475 de
542 435 723 475 servo
765 418 972 492 quaeri
1013 418 1352 488 noluerunt,
1384 435 1504 474 non
1534 418 1678 493 quin
1717 424 1924 493 posset

155 489 367 554 verum
415 497 699 566 inveniri,
732 498 836 554 sed
880 498 1023 571 quia
1069 499 1388 555 videbatur
1426 498 1746 571 indignum
1788 515 1921 555 esse

150 584 213 632 et
254 578 490 633 domini
540 584 733 633 morte
779 578 916 650 ipsa
964 578 1234 634 tristius:
1301 578 1364 633 in
1406 594 1574 633 reum
1619 578 1692 633 de
1742 594 1919 633 servo

152 657 536 713 accusatoris
581 674 717 712 cum
761 658 1087 731 quaeritur,
1122 674 1326 712 verum
1371 657 1631 712 inveniri
1673 656 1918 731 potest?
1990 659 2025 714 5

149 740 294 809 Age
342 754 505 805 vero,
539 753 695 810 quae
737 743 868 792 erat
911 744 1017 793 aut
1058 737 1257 811 qualis
1292 735 1611 809 quaestio?
1697 736 1919 792 “Heus

148 821 233 882 tu,
284 815 530 883 Rufio,”
560 815 730 871 verbi
774 833 976 883 causa,
1011 821 1214 873 “cave
1261 816 1346 871 sis
1391 815 1738 871 mentiaris:
1786 815 1919 873 Olo-

148 895 292 951 dius
352 894 611 951 insidias
667 895 809 951 fecit
865 893 1188 952 Miloni?’'
1293 894 1577 951 “Fecit”
1680 894 1918 952 “Certa

146 976 359 1030 crux.”
430 974 705 1030 “Nullas
735 974 932 1031 fecit.''
1017 974 1668 1048 “Speratalibertas.’'
1753 974 1915 1046 Quid

147 1052 264 1110 hac
295 1054 653 1127 quaestione
684 1052 950 1110 certius?
1023 1053 1239 1111 Subito
1272 1054 1505 1128 abrepti
1534 1054 1598 1109 in
1619 1055 1916 1128 quaestio·
1947 1054 2021 1111 10

145 1151 295 1189 nem
339 1138 543 1189 tamen
586 1141 945 1207 separantur
973 1151 1009 1189 a
1037 1133 1251 1190 ceteris
1292 1139 1354 1189 et
1383 1134 1445 1189 in
1486 1150 1658 1189 arcas
1686 1134 1919 1206 conjici-

147 1220 360 1282 untur,
390 1230 466 1268 ne
507 1213 643 1286 quis
686 1230 824 1268 cum
864 1213 953 1269 eis
998 1213 1255 1288 colloqui
1295 1213 1524 1286 possit:
1568 1212 1631 1268 hi
1673 1218 1915 1269 centum

145 1292 283 1348 dies
336 1309 520 1365 penes
571 1298 979 1348 accusatorem
1027 1310 1166 1350 cum
1215 1292 1488 1361 fuissent,
1536 1292 1613 1348 ab
1660 1309 1732 1348 eo
1784 1292 1916 1367 ipso

147 1378 508 1429 accusatore
538 1372 816 1444 producti
847 1378 1003 1429 sunt.
1076 1372 1240 1444 Quid
1270 1372 1383 1428 hac
1412 1371 1764 1447 quaestione
1795 1372 1916 1428 dici

145 1457 362 1526 potest
390 1451 705 1523 integrius,
738 1450 884 1525 quid
910 1449 1360 1526 incorruptius?
1949 1453 2020 1510 15

234 1533 327 1587 23.
379 1530 555 1602 Quod
601 1530 654 1587 si
694 1530 964 1587 nondum
1008 1531 1158 1586 satis
1187 1531 1448 1599 cernitis,
1480 1547 1617 1586 cum
1644 1547 1741 1586 res
1780 1529 1916 1603 ipsa

146 1615 245 1667 tot
294 1616 424 1666 tam
475 1609 652 1666 claris
702 1610 1078 1684 argumentis
1135 1610 1449 1684 signisque
1506 1609 1718 1679 luceat,
1762 1626 1915 1683 pura

146 1695 357 1747 mente
402 1694 581 1763 atque
624 1690 865 1763 integra
906 1689 1217 1758 Milonem,
1255 1690 1419 1747 nullo
1462 1689 1683 1746 scelere
1726 1688 1916 1745 imbu-

146 1775 302 1838 tum,
328 1768 495 1825 nullo
519 1774 683 1825 metu
705 1769 1109 1843 perterritum,
1138 1769 1304 1825 nulla
1325 1769 1695 1826 conscientia
1716 1769 1915 1825 exani-

147 1856 390 1904 matum
439 1848 701 1904 Romam
751 1849 1089 1918 revertisse,
1142 1849 1559 1918 recordamini,
1609 1865 1718 1923 per
1766 1848 1913 1905 deos
1943 1849 2017 1905 20

147 1926 549 1995 immortaleS‚
594 1945 748 2001 quae
793 1928 974 1984 fuerit
1022 1928 1300 1984 celeritas
1342 1930 1574 1986 reditus
1615 1928 1761 2000 ejuS‚
1807 1927 1912 2002 qui

149 2007 467 2080 ingressus
508 2006 571 2062 in
614 2008 808 2063 forum
851 2008 1096 2064 ardente
1139 2008 1322 2074 curia,
1358 2025 1512 2082 quae
1554 2007 1912 2080 magnitudo

152 2087 357 2155 animi,
388 2086 492 2160 qui
523 2086 745 2155 vultuS,
777 2104 932 2161 quae
979 2086 1187 2143 oratio.
1273 2086 1485 2162 Neque
1521 2103 1661 2142 vero
1708 2103 1772 2142 se
1813 2103 1914 2160 po-

149 2165 292 2241 pulo
324 2165 543 2233 solum,
575 2166 681 2221 sed
723 2167 908 2222 etiam
957 2167 1192 2222 senatui
1237 2167 1556 2235 commisit,
1589 2183 1780 2240 neque
1825 2183 1912 2222 se-

150 2245 327 2301 natui
369 2245 569 2313 mode,
602 2245 707 2301 sed
747 2245 936 2301 etiam
978 2245 1234 2319 publicis
1267 2246 1588 2320 praesidiis
1616 2251 1678 2302 et
1707 2245 1908 2315 armis,
1942 2247 2015 2304 25

152 2342 346 2398 neque
391 2323 488 2380 his
530 2331 785 2394 tantum,
820 2342 1030 2381 verum
1071 2326 1256 2382 etiam
1298 2327 1426 2398 ejus
1468 2325 1775 2400 potestati,
1816 2324 1912 2381 cui

152 2410 406 2460 senatus
462 2408 655 2460 totam
704 2421 828 2460 rem
884 2404 1205 2478 publicam,
1251 2422 1490 2461 omnem
1538 2404 1756 2461 Italiae
1812 2422 1916 2477 pu-

152 2484 309 2552 bem,
343 2488 563 2539 cuncta
602 2484 807 2557 populi
853 2483 1116 2540 Romani
1162 2501 1331 2540 arma
1359 2484 1772 2541 commiserat:
1816 2483 1912 2539 cui

150 2580 489 2637 numquam
538 2579 602 2618 se
654 2562 750 2619 hic
800 2564 1063 2637 profecto
1113 2563 1482 2630 tradidisset,
1529 2563 1644 2619 nisi
1692 2580 1909 2620 causae

153 2659 299 2699 suae
345 2641 684 2708 confideret,
716 2643 1071 2716 praesertim
1116 2643 1319 2699 omnia
1362 2643 1645 2709 audienti,
1692 2660 1914 2716 magna
1942 2644 2017 2699 30

153 2721 469 2790 metuenti,
549 2721 742 2778 multa
825 2723 1176 2795 suspicanti,
1256 2721 1545 2779 nonnulla
1626 2722 1907 2778 credenti.

153 2801 390 2876 Magna
434 2800 528 2856 vis
575 2807 670 2856 est
717 2802 1134 2870 conscientiae,
1171 2802 1422 2874 judiceS,
1466 2808 1528 2857 et
1578 2818 1801 2874 magna
1850 2802 1914 2857 in

154 2889 475 2954 utramque
518 2885 763 2953 partem,
798 2886 866 2937 ut
909 2898 1098 2956 neque
1141 2881 1397 2937 timeant
1425 2880 1529 2954 qui
1571 2880 1720 2936 nihil
1761 2898 1915 2937 com-

156 2960 436 3016 miserint
464 2965 543 3015 et‘
566 2977 824 3034 poenam
867 2978 1102 3033 semper
1132 2965 1273 3016 ante
1304 2960 1508 3016 oculos
1540 2960 1770 3016 versari
1811 2977 1914 3032 pu-

155 3045 286 3096 tent
330 3040 436 3114 qui
478 3040 799 3113 peccarint.
885 3039 1095 3114 Neque
1124 3056 1263 3095 vero
1307 3041 1433 3095 sine
1477 3039 1708 3095 ratione
1751 3045 1916 3094 certa
1946 3036 2017 3092 35

154 3136 342 3176 causa
386 3118 634 3175 Milonis
677 3136 914 3192 semper
958 3137 993 3174 a
1035 3123 1252 3175 senatu
1293 3119 1549 3193 probata
1580 3124 1711 3186 est;
1757 3117 1917 3173 vide-

153 3199 305 3256 bant
360 3198 524 3255 enim
580 3198 1014 3273 sapientissimi
1072 3197 1348 3254 homines
1403 3196 1546 3253 facti
1600 3197 1911 3265 rationem,

156 3278 570 3353 praesentiam
629 3277 829 3346 animi,
882 3276 1251 3334 defensionis
1304 3275 1724 3333 constantiam.
1812 3274 1917 3329 An

159 3375 301 3416 vero
346 3357 521 3485 gigiti
570 3358 737 3428 estiS,
772 3357 1026 3430 judiceS‚
1071 3355 1298 3411 recenti
1344 3352 1445 3409 illo
1493 3351 1708 3407 nuntio
1751 3350 1915 3405 necis

447 3449 497 3485 w
