2284 3717
227 134 355 201 188
746 148 822 196 u.
867 146 1125 195 ‘runnu
1178 146 1577 194 ommnoms

335 305 570 364 aetatis,
658 304 857 362 Multa
900 304 1165 375 memini,
1211 303 1407 361 multa
1447 303 1671 376 audivi,
1703 305 1903 363 multa
1941 304 2073 380 legi,

339 387 638 459 Quirites:
699 385 850 442 nihil
906 402 981 441 ex
1035 385 1305 442 omnium
1362 385 1735 441 saeculorum
1795 385 2080 443 memoria

336 466 460 523 tale
509 465 804 539 cognovi:
863 464 963 539 qui
1013 482 1149 521 cum
1203 464 1497 521 servitute
1545 481 1972 537 premeremur,
2020 465 2078 520 in

337 546 468 601 dies
523 545 750 601 malum
807 550 1114 612 cresceret,
1168 543 1458 617 praesidii
1511 543 1659 600 nihil
1705 543 2076 613 haberemuS,

271 629 309 685 ὃ
340 624 657 698 capitalem
683 632 744 681 et
773 623 1124 697 pestiferum
1153 641 1188 679 a
1213 623 1539 680 Brundisio
1561 630 1688 680 tum
1716 623 1803 680 M.
1829 623 2079 680 Antonii

338 705 597 760 reditum
642 704 1007 773 timeremuS,
1053 702 1166 759 hoc
1208 703 1585 778 insperatum
1629 702 1913 759 omnibus
1955 720 2083 760 con·

340 784 560 853 silium,
603 783 983 856 incognitum
1027 788 1189 839 certe
1233 783 1472 856 ceperit,
1517 789 1587 839 ut
1627 782 1961 839 exercitum
2003 783 2083 837 in·

341 863 565 921 victum
595 880 671 919 ex
711 862 984 936 paternis
1027 862 1320 919 militibus
1362 860 1678 920 conficeret
1707 862 2081 936 Antoniique

342 943 600 999 furorem
632 941 1064 998 crudelissimis
1099 941 1367 998 consiliis
1408 941 1731 999 incitatum
1762 959 1799 998 a
1827 940 2083 1016 pernicie

238 1023 312 1081 10
343 1022 428 1079 rei
460 1021 731 1096 publicae
762 1026 1076 1078 averteret.

421 1104 471 1158 2.
535 1101 687 1173 Quis
741 1106 837 1157 est
891 1101 1050 1157 enim
1103 1099 1205 1174 qui
1255 1098 1369 1157 hoc
1424 1117 1544 1157 non
1600 1099 1925 1174 intelligat,
1972 1098 2083 1156 nisi

345 1179 573 1238 Caesar
601 1180 929 1237 exercitum
959 1179 1316 1254 paravisset,
1348 1196 1467 1235 non
1498 1180 1628 1235 sine
1656 1180 1850 1236 exitio
1881 1185 2088 1236 nostro

342 1260 614 1317 futurum
671 1259 927 1316 Antonii
985 1259 1243 1315 reditum
1301 1256 1532 1315 fuisse?
1645 1258 1747 1315 Ita
1804 1259 1968 1317 enim
2026 1276 2089 1316 se

342 1339 673 1413 recipiebat
729 1339 945 1395 ardens
1002 1338 1139 1395 odio
1193 1338 1396 1408 vestri,
1448 1343 1735 1394 cruentus
1793 1339 2091 1414 sanguine

240 1419 312 1476 15
343 1419 562 1476 civium
608 1419 1040 1487 Romanorum,
1073 1435 1227 1491 quos
1272 1416 1546 1488 Suessae,
1580 1435 1732 1492 quos
1775 1418 2092 1475 Brundisii

344 1498 662 1568 occiderat,
695 1503 762 1554 ut
802 1496 950 1554 nihil
995 1497 1114 1553 nisi
1158 1497 1232 1553 de
1274 1496 1535 1571 pernicie
1576 1497 1782 1572 populi
1830 1497 2093 1571 Romani

346 1578 656 1652 cogitaret.
765 1577 940 1649 Quod
1003 1583 1205 1634 autem
1262 1577 1628 1650 praesidium
1684 1582 1820 1634 erat
1876 1577 2095 1634 salutis

346 1657 769 1731 libertatisque
807 1663 1062 1726 vestrae,
1095 1656 1147 1712 si
1192 1656 1258 1714 O.
1295 1656 1579 1714 Caesaris
1621 1656 2093 1714 fortissimorum

348 1737 442 1793 sui
470 1736 660 1812 patris
692 1735 948 1792 militum
983 1735 1282 1792 exercitus
1313 1753 1433 1792 non
1464 1734 1725 1793 fuisset?
1800 1736 1990 1811 Cujus
2021 1736 2093 1793 de

243 1816 317 1873 20
346 1816 629 1873 laudibus
657 1822 718 1872 et
749 1815 1094 1884 honoribus,
1127 1815 1229 1890 qui
1260 1814 1314 1871 ei
1342 1832 1451 1889 pro
1494 1815 1723 1872 divinis
1764 1821 1828 1873 et
1857 1816 2097 1873 immor·

346 1896 575 1952 talibus
604 1896 838 1952 meritis
868 1895 1057 1952 divini
1088 1895 1579 1969 immortalesque
1602 1895 1916 1967 debentur,
1943 1895 2093 1952 mihi

348 1983 596 2032 senatus
654 1976 950 2031 adsensus
999 1975 1182 2050 paulo
1240 1981 1380 2031 ante
1435 1975 1723 2045 decrevit,
1774 1981 1845 2033 ut
1898 1976 2094 2052 primo

347 2072 584 2129 quoque
613 2059 885 2129 tempore
913 2056 1250 2111 referretur.
1340 2055 1472 2126 Quo
1508 2055 1746 2111 decreto
1789 2054 1932 2129 quis
1972 2072 2095 2111 non

346 2135 631 2210 perspicit
659 2134 895 2191 hostem
920 2151 1054 2191 esse
1081 2133 1416 2190 Antonium
1439 2133 1825 2207 judicatum?
1901 2136 2095 2208 Quem

242 2215 316 2272 25
347 2215 507 2270 enim
563 2232 889 2290 possumus
938 2213 1238 2288 appellare
1290 2231 1444 2282 eum,
1490 2219 1700 2270 contra
1756 2231 1937 2288 quem
1992 2214 2096 2289 qui

348 2294 644 2351 exercitus
687 2294 930 2363 ducunt,
962 2294 1050 2350 eis
1094 2299 1343 2349 senatus
1387 2293 1711 2350 arbitratur
1753 2294 2097 2368 singulares

347 2374 748 2448 exquirendos
772 2370 1072 2430 honores?
1159 2370 1362 2445 Quid?
1447 2372 1638 2447 Legio
1664 2371 1918 2443 Martia,
1943 2391 2096 2448 quae

349 2453 503 2509 mihi
535 2454 777 2510 videtur
802 2454 1096 2510 divinitus
1128 2453 1203 2509 ab
1233 2470 1305 2509 eo
1334 2452 1447 2509 deo
1484 2453 1742 2510 traxisse
1788 2470 2027 2521 nomen,
2061 2471 2098 2510 a

353 2550 471 2607 quo
499 2533 788 2608 populum
819 2533 1169 2590 Romanum
1200 2538 1550 2606 generatum
1582 2532 1944 2606 accepimuS,
1978 2550 2098 2589 non

250 2613 327 2669 30
356 2612 491 2685 ipsa
521 2613 648 2668 suis
679 2613 935 2669 decretis
963 2612 1130 2686 prius
1166 2629 1345 2686 quam
1377 2617 1625 2668 senatus
1670 2610 1910 2668 hostem
1944 2612 2101 2686 judi-

354 2691 516 2747 cavit
547 2689 927 2749 Antonium?
1011 2691 1171 2749 Nam
1211 2691 1261 2747 si
1291 2691 1390 2747 ille
1434 2708 1552 2747 non
1584 2691 1796 2760 hostiS‚
1832 2692 1963 2762 hos,
1995 2692 2100 2767 qui

354 2771 659 2827 consulem
692 2771 1078 2847 reliquerunt,
1107 2770 1315 2827 hostes
1346 2788 1589 2827 necesse
1618 2776 1714 2827 est
1733 2771 2096 2845 judicemus

356 2849 669 2906 Praeclare
699 2857 761 2907 et
801 2851 946 2919 loc0,
980 2851 1263 2922 Quirites
1296 2850 1720 2906 reclamatione
1754 2858 1960 2909 vestra
1988 2852 2103 2908 fac·

353 2934 483 2986 tum
514 2929 983 3003 pulcherrimum
1017 2929 1391 2986 Martialium
1422 2930 1966 3004 comprobavistis:
1996 2932 2101 3006 qui

251 3008 324 3065 35
356 3026 419 3066 se
451 3009 525 3065 ad
572 3016 818 3065 senatus
862 3009 1298 3079 auctoritatem,
1332 3010 1406 3066 ad
1436 3009 1777 3065 libertatem
1811 3019 2098 3081 vestram,

358 3089 434 3143 ad
488 3088 830 3142 universam
887 3107 1010 3144 rem
1061 3089 1362 3160 publicam
1410 3089 1808 3158 contulerunt,
1860 3090 2102 3147 hostem

353 3164 524 3218 illum
555 3171 616 3218 et
644 3165 933 3221 latronem
966 3170 1028 3221 et
1055 3167 1414 3238 parricidam
1442 3169 1673 3243 patriae
1703 3169 2099 3244 reliquerunt.

357 3238 485 3294 Nec
528 3240 721 3295 solum
766 3242 828 3296 id
871 3243 1141 3298 animose
1186 3251 1247 3300 et
1288 3245 1538 3315 fortiter,
1573 3248 1677 3304 sed
1723 3251 2105 3308 considerate

356 3315 540 3369 etiam
586 3317 1005 3392 sapienterque
1048 3320 1348 3381 fecerunt:
1434 3326 1631 3383 Albae
1674 3330 2104 3403 constiterunt,
