2284 3717
232 131 316 194 32
753 147 826 195 M.
858 145 1116 193 ‘runnu
1168 146 1561 195 clomaoms

339 302 390 360 Si
424 303 774 361 interfectus
802 309 980 372 esset,
1008 303 1151 378 quid
1184 302 1498 362 dicerent?
1560 305 1942 382 Quamquam
1972 307 2094 378 isti,

337 382 441 457 qui
474 382 797 441 Catilinam
831 384 1171 441 Massiliam
1203 384 1286 441 ire
1326 384 1627 454 dictitant,
1662 404 1780 442 non
1807 392 1939 443 tam
1983 387 2097 445 hoc

340 470 675 538 queruntur
716 481 897 539 quam
940 470 1255 521 verentur:
1307 481 1480 521 nemo
1527 471 1622 522 est
1669 465 1925 523 istorum
1968 475 2097 524 tam

339 542 680 599 misericors
736 544 839 618 qui
897 543 1068 601 illum
1126 561 1246 600 non
1298 544 1373 600 ad
1431 543 1732 601 Manlium
1777 564 1963 620 quam
2021 546 2097 604 ad

273 625 309 680 5
341 622 757 679 Massilienses
807 624 892 679 ire
942 624 1150 695 malit;
1209 623 1307 679 ille
1352 631 1572 693 autem,
1618 624 1670 680 si
1716 642 1811 682 me
1855 625 2096 683 hercule

344 701 474 769 hoc,
519 702 677 777 quod
723 702 867 776 agit,
908 720 1236 777 numquam
1280 710 1461 759 antea
1501 704 1846 777 cogitasset,
1891 710 2096 762 tamen

337 781 799 839 latrocinantem
843 800 907 839 se
955 782 1208 839 interfici
1251 783 1459 840 mallet
1486 801 1667 857 quam
1711 783 1983 840 exsulem
2015 784 2099 841 vi-

340 879 515 934 vere3
561 879 718 919 nunc
750 871 907 930 verb,
939 880 1075 919 cum
1118 862 1176 918 ei
1220 861 1372 918 nihil
1417 863 1613 920 adhuc
1643 870 1876 937 praeter
1906 864 2098 937 ipsius

341 942 718 999 voluntatem
780 942 1329 1016 cogitationemque
1395 943 1695 1012 acciderit,
1755 942 1876 999 nisi
1935 942 2096 1017 quod

237 1021 310 1078 10
342 1021 501 1077 vivis
556 1022 730 1077 nobis
788 1021 988 1078 Roma
1034 1022 1341 1097 profectus
1395 1027 1506 1092 est,
1555 1031 1835 1097 optemus
1890 1022 2097 1097 potius

341 1106 408 1157 ut
436 1106 536 1157 eat
566 1101 625 1157 in
654 1101 934 1158 exsilium
970 1119 1152 1176 quam
1183 1118 1516 1176 queramur.

421 1184 472 1237 8.
521 1180 639 1237 Sed
683 1198 787 1237 cur
819 1187 945 1237 tam
974 1181 1078 1238 diu
1107 1181 1180 1237 de
1223 1198 1342 1237 uno
1389 1181 1562 1252 hoste
1602 1180 1905 1256 loquimur
1932 1187 1995 1239 et
2023 1182 2099 1239 de

341 1258 534 1328 hoste,
557 1260 657 1335 qui
679 1262 805 1334 jam
830 1260 1054 1318 fatetur
1075 1278 1137 1316 se
1162 1278 1295 1317 esse
1329 1261 1583 1332 hostem,
1608 1267 1671 1317 et
1701 1279 1898 1335 quem,
1931 1262 2094 1336 quia,

343 1340 502 1413 quod
549 1356 784 1413 semper
824 1341 1008 1410 volui,
1042 1357 1250 1396 murus
1295 1340 1562 1409 interest,
1595 1358 1716 1397 non
1757 1340 1979 1399 timeo:
2022 1342 2097 1398 de

241 1421 312 1477 15
344 1418 452 1488 eiS,
484 1420 586 1494 qui
619 1420 1023 1489 dissimulant,
1057 1419 1161 1495 qui
1209 1420 1443 1476 Romae
1482 1427 1813 1489 remanent,
1850 1420 1956 1494 qui
1998 1437 2099 1477 no-

342 1498 574 1556 biscum
620 1506 781 1569 sunt,
812 1499 961 1556 nihil
1004 1496 1307 1556 dicimus?
1393 1500 1561 1572 Quos
1603 1500 1846 1574 quidem
1875 1518 2009 1572 eg0‚
2043 1498 2097 1557 Si

348 1578 467 1635 ullo
508 1579 688 1635 modo
720 1578 841 1635 fieri
881 1579 1091 1654 possit,
1124 1597 1244 1635 non
1274 1585 1400 1636 tam
1432 1579 1638 1637 ulcisci
1669 1579 1884 1636 studeo
1915 1597 2093 1654 quam

345 1674 559 1715 sanare
610 1659 727 1715 sibi
786 1659 966 1733 ipsos,
1011 1659 1251 1733 placare
1302 1659 1386 1715 rei
1444 1659 1736 1734 publicae,
1781 1676 1990 1734 neque,
2035 1658 2096 1716 id

344 1755 529 1811 quare
561 1737 680 1795 fieri
713 1756 833 1794 non
860 1740 1072 1814 possit,
1098 1739 1151 1795 Si
1183 1756 1278 1795 me
1312 1738 1515 1796 audire
1546 1738 1768 1807 volent,
1800 1738 2094 1812 intellige.

241 1820 315 1876 20
347 1816 664 1891 Exponam
695 1818 856 1874 enim
889 1818 1076 1886 vobis,
1105 1818 1391 1891 QuiriteS,
1416 1836 1491 1875 cx
1520 1819 1742 1894 quibus
1772 1819 2098 1891 generibus

348 1896 661 1953 hominum
695 1897 846 1955 istae
871 1899 1078 1973 copiae
1102 1904 1563 1973 comparentur3
1596 1898 1810 1955 deinde
1835 1897 2097 1988 Singulis

345 1978 703 2034 medicinam
750 1978 981 2034 consilii
1031 1984 1212 2052 atque
1257 1973 1552 2035 orationis
1594 1996 1778 2046 meae,
1821 1977 1873 2033 si
1915 1994 2098 2052 quam

345 2064 572 2147 potero,
598 2057 881 2114 adferam.
942 2057 1150 2114 Unum
1174 2075 1368 2131 genus
1389 2064 1483 2114 cst
1505 2074 1730 2127 eorum,
1751 2074 1853 2132 qul
1876 2074 2098 2131 magno

347 2136 407 2191 in
447 2154 582 2193 aere
630 2136 825 2193 alieno
872 2139 1128 2210 majores
1170 2138 1352 2194 etiam
1390 2137 1805 2212 possessiones
1851 2136 2097 2206 habent,

243 2216 315 2271 25
346 2233 594 2289 quarum
630 2233 829 2273 amore
860 2217 1103 2273 adducti
1133 2217 1388 2273 dissolvi
1420 2217 1582 2274 nullo
1611 2217 1789 2273 modo
1821 2219 2096 2290 possunt.

349 2293 586 2351 Horum
632 2294 942 2352 hominum
990 2297 1223 2370 species
1279 2302 1374 2353 est
1430 2296 1895 2368 honestissima;
1959 2299 2103 2351 sunt

347 2375 507 2430 enim
567 2375 933 2450 locupletes,
1005 2376 1291 2432 voluntas
1349 2393 1493 2432 vero
1549 2382 1610 2433 et
1666 2392 1852 2433 causa
1909 2375 2103 2449 impu—

349 2453 745 2513 dentissima:
807 2460 872 2511 tu
921 2456 1100 2530 agriS,
1146 2462 1214 2511 tu
1262 2455 1562 2525 aedificiis,
1604 2460 1673 2512 tu
1719 2460 1992 2535 argente,
2033 2459 2104 2511 tu

348 2533 595 2602 familia,
631 2541 700 2592 tu
746 2535 927 2591 rebus
969 2535 1249 2593 omnibus
1295 2539 1546 2592 ornatus
1591 2540 1651 2591 et
1694 2534 1975 2609 copiosus
2016 2533 2104 2590 sis

243 2613 318 2669 30
348 2619 410 2670 et
454 2581 694 2672 dubites
740 2614 812 2672 de
857 2616 1240 2689 possessione
1292 2615 1623 2683 detrahere,
1663 2613 1978 2689 adquirere
2026 2612 2103 2671 ad

350 2691 569 2750 fidem?
643 2694 801 2767 Quid
856 2695 1018 2751 enim
1073 2692 1434 2767 exspectas?
1521 2660 1805 2751 Bellum?
1895 2690 2103 2766 Quid?

350 2771 515 2847 Ergo
547 2774 608 2830 in
634 2774 980 2831 vastatione
1012 2775 1281 2831 omnium
1306 2781 1444 2830 tuas
1466 2773 1879 2847 possessiones
1910 2790 2107 2830 sacro·

290 2895 299 2902 ,
350 2859 592 2911 sanctas
616 2854 852 2910 futuras
883 2852 1107 2928 putas?
1173 2853 1277 2911 An
1298 2854 1541 2911 tabulas
1570 2849 1807 2909 novas?
1880 2851 2107 2909 Errant

352 2932 455 3006 qui
485 2932 635 2989 istas
665 2950 700 2989 a
732 2932 998 2991 Catilina
1025 2940 1414 3007 exspectant:
1458 2950 1591 2990 mco
1625 2930 1912 2989 beneficio
1936 2933 2108 2989 tabu·

245 3010 320 3065 35
352 3011 444 3067 lae
492 3030 683 3069 novae
729 3014 1121 3105 proferentur,
1164 3030 1372 3069 verum
1416 3011 1858 3083 auctionariac3
1910 3028 2107 3087 neque

351 3090 509 3145 enim
541 3091 659 3158 isti,
685 3091 786 3165 qui
819 3094 1234 3166 possessiones
1277 3092 1519 3162 habent,
1551 3092 1672 3149 alia
1714 3091 1952 3149 ratione
1982 3091 2112 3149 ulla

353 3168 507 3223 salvi
552 3186 684 3224 esse
728 3176 1015 3242 possunt,
1061 3170 1219 3245 quod
1265 3171 1316 3226 si
1362 3172 1658 3228 maturius
1701 3170 1896 3226 facere
1941 3171 2112 3230 volu·

353 3244 545 3301 issent
574 3264 782 3319 neque,
817 3247 878 3302 id
908 3249 1068 3321 quod
1106 3250 1536 3306 stultissimum
1565 3256 1676 3316 est,
1708 3255 1939 3305 certare
1971 3267 2107 3312 cum

356 3324 555 3379 usuris
600 3324 893 3380 fructibus
938 3327 1338 3399 praediorum,
1369 3322 1433 3385 et
1476 3329 1972 3405 locupletioribus
2011 3329 2110 3390 hu
