2284 3717
252 107 375 171 112
769 124 843 171 11.
884 124 1141 171 *runnu
1193 125 1589 173 cmmoms

353 278 501 336 sime
531 279 766 349 dicitur,
798 281 1065 352 caedem,
1098 281 1163 338 in
1191 300 1312 357 qua
1344 282 1409 341 P.
1446 282 1699 341 Clodius
1730 281 1972 341 occisus
1999 288 2115 354 est,

354 368 630 417 senatum
651 362 959 433 judicasse
991 367 1200 418 contra
1228 380 1354 418 rem
1382 362 1685 438 publicam
1709 380 1845 420 esse
1870 364 2114 421 factam.

356 439 533 496 Illam
563 458 704 496 vero
747 449 996 497 senatus
1038 459 1159 498 non
1204 443 1520 499 sententiis
1569 444 1696 499 suis
1740 444 1959 513 solum,
2006 442 2116 499 sed

353 520 538 576 etiam
586 520 804 576 studiis
852 522 1281 594 comprobavit.
1371 522 1624 596 Quoties
1670 523 1834 579 enim
1879 530 1975 580 est
2014 524 2121 578 illa

291 600 324 656 5
356 617 538 655 causa
568 617 603 654 a
634 601 807 656 nobis
832 606 968 656 acta
998 600 1054 656 in
1088 598 1337 659 senatu!
1398 602 1632 674 Quibus
1662 603 2122 659 assensionibus

356 680 621 734 universi
642 679 887 748 ordinis,
909 697 1092 753 quam
1115 698 1222 737 nec
1241 680 1444 738 tacitis
1463 700 1569 738 nec
1590 680 1870 739 occultisi
1920 682 2124 754 Quan-

354 758 431 814 do
471 759 632 814 enim
676 759 1165 832 frequentissimo
1212 766 1429 817 senatu
1475 766 1761 835 quattuor
1808 766 1916 817 aut
1964 779 2124 817 sum-

359 856 523 893 mum
568 838 825 913 quinque
856 846 999 894 sunt
1021 840 1248 896 inventi
1282 840 1381 914 qui
1416 840 1660 897 Milonis
1703 858 1952 897 causam
1999 858 2123 896 non

354 917 727 991 probarent?
804 918 1130 975 Declarant
1162 919 1337 993 hujus
1368 920 1633 977 ambusti
1663 920 1894 977 tribuni
1924 920 2121 995 plebis

252 997 325 1052 10
358 997 494 1054 illae
527 998 958 1055 intermortuae
989 999 1322 1069 00110101100,
1356 1000 1575 1074 quibus
1616 999 1887 1074 quotidie
1920 1017 2121 1056 meam

353 1078 685 1152 potentiam
714 1078 1009 1134 invidiose
1039 1078 1484 1149 criminabatur,
1517 1097 1653 1136 cum
1698 1079 1927 1136 diceret
1957 1097 2123 1136 sena-

355 1163 487 1213 tum
519 1175 638 1214 non
668 1158 829 1231 quod
860 1159 1128 1229 sentiret,
1163 1159 1267 1215 sed
1313 1159 1473 1234 quod
1518 1177 1631 1233 ego
1662 1159 1881 1215 vellem
1926 1160 2121 1216 decer-

356 1254 535 1310 nere;
570 1255 722 1312 quae
753 1238 995 1311 quidem
1027 1239 1075 1294 si
1103 1239 1381 1313 potentia
1409 1244 1503 1295 est
1525 1238 1887 1313 appellanda
1910 1239 2119 1312 potius

354 1335 538 1390 quam
587 1325 692 1373 aut
731 1324 975 1391 propter
1020 1336 1245 1392 magna
1291 1318 1352 1374 in
1398 1336 1523 1375 rem
1566 1318 1872 1392 publicam
1901 1317 2119 1375 merita

252 1398 323 1454 15
357 1397 676 1453 mediocris
706 1397 769 1452 in
798 1397 974 1453 bonis
1003 1398 1204 1454 causis
1234 1398 1563 1454 auctoritas
1594 1404 1700 1455 aut
1728 1404 1981 1473 propter
2005 1398 2118 1454 hos

359 1476 653 1534 officiosos
695 1476 932 1533 labores
968 1495 1134 1533 meos
1164 1477 1453 1534 nonnulla
1481 1477 1639 1551 apud
1671 1478 1865 1534 bonos
1895 1477 2116 1551 gratia,

357 1556 689 1631 appelletur
727 1556 816 1612 ita
855 1573 1016 1625 sane,
1049 1557 1196 1613 dum
1237 1557 1415 1614 modo
1456 1575 1530 1614 ea
1569 1574 1681 1613 nos
1721 1564 1967 1614 utamur
2006 1574 2117 1632 pro

355 1637 548 1692 salute
572 1636 865 1693 bonorum
889 1642 1097 1693 contra
1126 1637 1458 1693 amentiam
1486 1635 1875 1711 perditorum.
1936 1635 2118 1694 Hanc

355 1732 497 1770 vero
547 1717 982 1789 quaestionem,
1029 1717 1148 1772 etsi
1200 1733 1319 1772 non
1369 1722 1465 1773 est
1508 1710 1732 1789 iniqua,
1782 1733 2116 1790 numquam

251 1797 326 1854 20
360 1799 563 1850 tamen
605 1804 853 1862 senatus
897 1795 1383 1852 constituendam
1429 1796 1707 1870 putavit;
1750 1802 1924 1853 erant
1953 1796 2116 1852 enim

356 1873 538 1947 legeS,
571 1882 743 1931 erant
772 1876 1157 1950 quaestiones
1187 1876 1283 1932 vel
1326 1876 1397 1932 de
1438 1876 1617 1932 caede
1647 1873 1741 1931 vel
1786 1876 1859 1932 de
1891 1875 1971 1944 vi,
2004 1892 2113 1932 1100

354 1958 594 2011 tantum
626 1972 954 2012 maerorem
985 1973 1053 2012 ac
1083 1955 1310 2023 luctum
1341 1955 1574 2012 senatui
1607 1972 1769 2011 mors
1807 1955 1874 2012 P.
1912 1955 2112 2014 Clodii

356 2034 680 2103 adferebat,
733 2041 798 2090 ut
847 2053 1006 2091 nova
1058 2035 1333 2108 quaestio
1381 2035 1885 2108 constitueretur3
1943 2036 2113 2109 cujus

356 2113 519 2169 euim
549 2114 621 2170 de
654 2109 754 2170 illo
786 2114 1015 2171 incesto
1045 2122 1257 2188 stupro
1292 2115 1586 2187 judicium
1629 2114 1991 2171 decernendi
2029 2132 2116 2171 se-

250 2197 322 2253 25
357 2194 527 2248 natui
556 2199 826 2268 potestas
856 2204 1017 2250 esset
1045 2199 1274 2267 erepta,
1307 2194 1379 2251 de
1409 2195 1536 2268 ejus
1565 2193 1815 2249 interitu
1846 2195 1985 2268 quis
2015 2212 2116 2269 po-

354 2277 475 2328 test
497 2273 736 2329 credere
761 2278 1036 2330 senatum
1050 2274 1345 2346 judicium
1367 2291 1593 2330 novum
1617 2272 2113 2331 constituendum

353 2350 640 2426 putasse?
729 2352 851 2410 Cur
897 2353 1084 2425 igitur
1132 2353 1477 2410 incendium
1532 2353 1748 2423 curiae,
1803 2370 2115 2428 oppugna-

353 2432 579 2488 tionem
622 2432 859 2488 aedium
905 2433 989 2488 M.
1025 2433 1261 2506 Lepidi,
1293 2433 1538 2490 caedem
1569 2432 1721 2488 hanc
1751 2432 1952 2506 ipsam
1981 2451 2116 2490 con-

353 2518 448 2567 tra
503 2529 627 2568 rem
682 2513 983 2586 publicam
1040 2518 1288 2568 senatus
1345 2513 1568 2569 factam
1612 2529 1745 2569 esse
1797 2511 2111 2570 decrevit?

248 2596 324 2652 30
357 2591 513 2663 Quia
556 2591 721 2647 nulla
761 2592 851 2647 vis
895 2609 1180 2665 umquam
1227 2597 1323 2649 est
1363 2592 1424 2648 in
1467 2591 1652 2648 libera
1692 2592 1944 2648 civitate
1989 2609 2115 2649 sus-

354 2677 528 2744 cepta
569 2671 724 2726 inter
765 2672 928 2727 cives
974 2688 1093 2727 non
1139 2678 1349 2728 contra
1390 2688 1515 2728 rem
1566 2671 1887 2745 publicam.
1975 2671 2114 2728 Non

355 2750 517 2806 enim
546 2757 639 2806 est
669 2750 772 2806 illa
802 2750 1066 2806 defensio
1096 2759 1307 2807 contra
1336 2751 1458 2807 vim
1501 2768 1787 2824 umquam
1825 2753 2110 2826 optanda,

354 2830 460 2885 sed
491 2847 942 2904 nonnumquam
987 2836 1081 2885 001,
1126 2831 1498 2887 necessaria:
1543 2830 1660 2886 nisi
1692 2847 1835 2886 vero
1881 2837 1987 2887 aut
2017 2832 2113 2887 ille

355 2909 500 2976 11100,
533 2926 650 2982 quo
682 2909 770 2967 Ti.
808 2908 1118 2967 Gracchus
1148 2916 1242 2966 est
1271 2927 1501 2979 caeSUS,
1535 2914 1642 2965 aut
1670 2909 1788 2979 ille,
1822 2928 1943 2984 quo
1977 2910 2113 2969 Gai-

248 2993 322 3047 35
354 3007 442 3055 110,
477 2994 582 3042 aut
624 3005 740 3061 quo
783 3005 948 3043 arma
994 2987 1324 3057 Saturnini,
1356 2990 1537 3045 etiam
1585 2989 1636 3045 si
1677 3007 1709 3044 e
1755 3006 1819 3045 re
1865 2991 2113 3062 publica

355 3083 643 3140 oppressa
667 3071 825 3135 sunt,
851 3084 976 3121 rem
1001 3068 1301 3139 publicam
1326 3073 1528 3125 tamen
1554 3086 1671 3125 11011
1697 3068 2107 3128 vulnerarunt.

434 3149 486 3200 6.
534 3145 749 3216 Itaque
780 3161 894 3216 ego
923 3145 1053 3216 ipse
1083 3147 1339 3216 decrevi,
1366 3164 1499 3203 cum
1536 3148 1776 3204 caedem
1809 3148 1870 3204 in
1905 3151 2111 3225 Appia

356 3222 575 3276 factam
604 3238 736 3276 esse
765 3227 1086 3290 constaret,
1121 3242 1238 3279 non
1282 3243 1437 3295 eum,
1468 3226 1570 3299 qui
1616 3244 1679 3282 se
1718 3226 2107 3297 defendisset,

354 3305 565 3372 contra
594 3314 719 3353 rem
766 3297 1066 3370 publicam
1099 3301 1328 3374 fecisse,
1361 3304 1484 3374 sed,
1520 3322 1655 3361 cum
1699 3306 1930 3363 inesset
1959 3308 2021 3366 in
2051 3326 2112 3366 re

2251 1695 2269 2408 ὅ
