<?xml version="1.0" encoding="UTF-8"?>
<!DOCTYPE html PUBLIC "-//W3C//DTD XHTML 1.0 Transitional//EN"
    "http://www.w3.org/TR/xhtml1/DTD/xhtml1-transitional.dtd">
<html xmlns="http://www.w3.org/1999/xhtml" xml:lang="en" lang="en">
 <head>
  <title>
</title>
<meta http-equiv="Content-Type" content="text/html;charset=utf-8" />
  <meta name='ocr-system' content='tesseract 3.04.00' />
  <meta name='ocr-capabilities' content='ocr_page ocr_carea ocr_par ocr_line ocrx_word'/>
</head>
<body>
  <div class='ocr_page' id='page_1' title='image "./selectorationsm03stuagoog_0051.png"; bbox 0 0 2284 3717; ppageno 0'>
   <div class='ocr_carea' id='block_1_1' title="bbox 552 143 2062 206">
    <p class='ocr_par' dir='ltr' id='par_1_1' title="bbox 552 143 2062 206">
     <span class='ocr_line' id='line_1_1' title="bbox 552 143 2062 206; baseline 0.002 -3"><span class='ocrx_word' id='word_1_1' title='bbox 552 156 640 203; x_wconf 77' lang='lat' dir='ltr'>m</span> <span class='ocrx_word' id='word_1_2' title='bbox 691 155 1212 204; x_wconf 65' lang='lat' dir='ltr'>12.0A&#39;1·11,1NA11</span> <span class='ocrx_word' id='word_1_3' title='bbox 1258 156 1537 205; x_wconf 69' lang='lat' dir='ltr'>oRA&#39;mo</span> <span class='ocrx_word' id='word_1_4' title='bbox 1584 157 1697 205; x_wconf 92' lang='lat'>111.</span> <span class='ocrx_word' id='word_1_5' title='bbox 1973 143 2062 206; x_wconf 83' lang='lat'>45</span> 
     </span>
    </p>
   </div>
   <div class='ocr_carea' id='block_1_2' title="bbox 188 312 2059 3407">
    <p class='ocr_par' dir='ltr' id='par_1_2' title="bbox 188 312 2059 1014">
     <span class='ocr_line' id='line_1_2' title="bbox 188 312 1955 390; baseline 0.002 -21"><span class='ocrx_word' id='word_1_6' title='bbox 188 319 460 385; x_wconf 83' lang='lat' dir='ltr'>ventum,</span> <span class='ocrx_word' id='word_1_7' title='bbox 492 332 683 390; x_wconf 87' lang='lat' dir='ltr'>quam</span> <span class='ocrx_word' id='word_1_8' title='bbox 726 312 877 371; x_wconf 87' lang='lat' dir='ltr'>haec</span> <span class='ocrx_word' id='word_1_9' title='bbox 916 318 1093 370; x_wconf 88' lang='lat' dir='ltr'>tanta</span> <span class='ocrx_word' id='word_1_10' title='bbox 1132 314 1196 371; x_wconf 87' lang='lat' dir='ltr'>in</span> <span class='ocrx_word' id='word_1_11' title='bbox 1235 331 1300 372; x_wconf 89' lang='lat' dir='ltr'>re</span> <span class='ocrx_word' id='word_1_12' title='bbox 1339 314 1581 390; x_wconf 86' lang='lat' dir='ltr'>publica</span> <span class='ocrx_word' id='word_1_13' title='bbox 1622 314 1955 386; x_wconf 84' lang='lat' dir='ltr'>conjuratio</span> 
     </span>
     <span class='ocr_line' id='line_1_3' title="bbox 188 393 1955 469; baseline 0.002 -22"><span class='ocrx_word' id='word_1_14' title='bbox 188 393 519 451; x_wconf 87' lang='lat' dir='ltr'>manifesto</span> <span class='ocrx_word' id='word_1_15' title='bbox 567 394 823 450; x_wconf 86' lang='lat' dir='ltr'>inventa</span> <span class='ocrx_word' id='word_1_16' title='bbox 868 399 1045 468; x_wconf 91' lang='lat' dir='ltr'>atque</span> <span class='ocrx_word' id='word_1_17' title='bbox 1076 393 1448 469; x_wconf 86' lang='lat' dir='ltr'>deprehensa</span> <span class='ocrx_word' id='word_1_18' title='bbox 1485 400 1595 452; x_wconf 91' lang='lat' dir='ltr'>est.</span> <span class='ocrx_word' id='word_1_19' title='bbox 1685 394 1861 467; x_wconf 83' lang='lat' dir='ltr'>Quod</span> <span class='ocrx_word' id='word_1_20' title='bbox 1903 393 1955 451; x_wconf 89' lang='lat' dir='ltr'>si</span> 
     </span>
     <span class='ocr_line' id='line_1_4' title="bbox 192 471 1956 548; baseline 0 -19"><span class='ocrx_word' id='word_1_21' title='bbox 192 471 465 530; x_wconf 80' lang='lat' dir='ltr'>Catilina</span> <span class='ocrx_word' id='word_1_22' title='bbox 510 474 577 529; x_wconf 89' lang='lat' dir='ltr'>in</span> <span class='ocrx_word' id='word_1_23' title='bbox 617 473 766 530; x_wconf 89' lang='lat' dir='ltr'>urbe</span> <span class='ocrx_word' id='word_1_24' title='bbox 807 473 883 529; x_wconf 85' lang='lat' dir='ltr'>ad</span> <span class='ocrx_word' id='word_1_25' title='bbox 928 472 1082 530; x_wconf 89' lang='lat' dir='ltr'>hanc</span> <span class='ocrx_word' id='word_1_26' title='bbox 1113 473 1274 530; x_wconf 88' lang='lat' dir='ltr'>diem</span> <span class='ocrx_word' id='word_1_27' title='bbox 1311 473 1721 544; x_wconf 79' lang='lat' dir='ltr'>remansisset,</span> <span class='ocrx_word' id='word_1_28' title='bbox 1752 490 1956 548; x_wconf 85' lang='lat' dir='ltr'>quam-</span> 
     </span>
     <span class='ocr_line' id='line_1_5' title="bbox 189 552 1951 626; baseline 0.001 -19"><span class='ocrx_word' id='word_1_29' title='bbox 189 569 389 624; x_wconf 83' lang='lat' dir='ltr'>quam,</span> <span class='ocrx_word' id='word_1_30' title='bbox 437 553 645 626; x_wconf 85' lang='lat' dir='ltr'>quoad</span> <span class='ocrx_word' id='word_1_31' title='bbox 700 552 834 622; x_wconf 87' lang='lat' dir='ltr'>fuit,</span> <span class='ocrx_word' id='word_1_32' title='bbox 880 553 1159 609; x_wconf 89' lang='lat' dir='ltr'>omnibus</span> <span class='ocrx_word' id='word_1_33' title='bbox 1213 555 1343 626; x_wconf 90' lang='lat' dir='ltr'>ejus</span> <span class='ocrx_word' id='word_1_34' title='bbox 1403 553 1668 610; x_wconf 87' lang='lat' dir='ltr'>consiliis</span> <span class='ocrx_word' id='word_1_35' title='bbox 1723 553 1951 610; x_wconf 87' lang='lat' dir='ltr'>occurri</span> 
     </span>
     <span class='ocr_line' id='line_1_6' title="bbox 190 631 2059 706; baseline 0.003 -20"><span class='ocrx_word' id='word_1_36' title='bbox 190 637 372 706; x_wconf 88' lang='lat' dir='ltr'>atque</span> <span class='ocrx_word' id='word_1_37' title='bbox 444 631 679 701; x_wconf 90' lang='lat' dir='ltr'>obstiti,</span> <span class='ocrx_word' id='word_1_38' title='bbox 746 640 968 702; x_wconf 85' lang='lat' dir='ltr'>tamen,</span> <span class='ocrx_word' id='word_1_39' title='bbox 1028 639 1096 688; x_wconf 92' lang='lat' dir='ltr'>ut</span> <span class='ocrx_word' id='word_1_40' title='bbox 1158 632 1462 690; x_wconf 85' lang='lat' dir='ltr'>levissime</span> <span class='ocrx_word' id='word_1_41' title='bbox 1519 633 1730 701; x_wconf 88' lang='lat' dir='ltr'>dicam,</span> <span class='ocrx_word' id='word_1_42' title='bbox 1789 632 1957 689; x_wconf 88' lang='lat' dir='ltr'>dimi·</span> <span class='ocrx_word' id='word_1_43' title='bbox 2023 635 2059 691; x_wconf 88' lang='lat'>5</span> 
     </span>
     <span class='ocr_line' id='line_1_7' title="bbox 191 711 1949 787; baseline 0.001 -21"><span class='ocrx_word' id='word_1_44' title='bbox 191 711 455 767; x_wconf 86' lang='lat' dir='ltr'>candum</span> <span class='ocrx_word' id='word_1_45' title='bbox 490 712 668 767; x_wconf 88' lang='lat' dir='ltr'>nobis</span> <span class='ocrx_word' id='word_1_46' title='bbox 698 728 835 767; x_wconf 87' lang='lat' dir='ltr'>cum</span> <span class='ocrx_word' id='word_1_47' title='bbox 880 711 981 767; x_wconf 92' lang='lat' dir='ltr'>illo</span> <span class='ocrx_word' id='word_1_48' title='bbox 1011 711 1229 768; x_wconf 87' lang='lat' dir='ltr'>fuisset</span> <span class='ocrx_word' id='word_1_49' title='bbox 1257 730 1448 787; x_wconf 87' lang='lat' dir='ltr'>neque</span> <span class='ocrx_word' id='word_1_50' title='bbox 1493 729 1604 769; x_wconf 89' lang='lat' dir='ltr'>nos</span> <span class='ocrx_word' id='word_1_51' title='bbox 1647 729 1949 785; x_wconf 91' lang='lat' dir='ltr'>umquam,</span> 
     </span>
     <span class='ocr_line' id='line_1_8' title="bbox 190 790 1952 866; baseline 0.001 -21"><span class='ocrx_word' id='word_1_52' title='bbox 190 807 325 846; x_wconf 90' lang='lat' dir='ltr'>cum</span> <span class='ocrx_word' id='word_1_53' title='bbox 367 791 472 847; x_wconf 92' lang='lat' dir='ltr'>ille</span> <span class='ocrx_word' id='word_1_54' title='bbox 513 790 574 847; x_wconf 92' lang='lat' dir='ltr'>in</span> <span class='ocrx_word' id='word_1_55' title='bbox 618 791 766 846; x_wconf 84' lang='lat' dir='ltr'>urbe</span> <span class='ocrx_word' id='word_1_56' title='bbox 811 791 1007 847; x_wconf 87' lang='lat' dir='ltr'>hostis</span> <span class='ocrx_word' id='word_1_57' title='bbox 1048 798 1227 859; x_wconf 85' lang='lat' dir='ltr'>esset,</span> <span class='ocrx_word' id='word_1_58' title='bbox 1272 793 1461 849; x_wconf 86' lang='lat' dir='ltr'>tantis</span> <span class='ocrx_word' id='word_1_59' title='bbox 1502 791 1784 866; x_wconf 89' lang='lat' dir='ltr'>periculis</span> <span class='ocrx_word' id='word_1_60' title='bbox 1827 808 1952 847; x_wconf 90' lang='lat' dir='ltr'>rem</span> 
     </span>
     <span class='ocr_line' id='line_1_9' title="bbox 190 870 1954 944; baseline 0.001 -19"><span class='ocrx_word' id='word_1_61' title='bbox 190 870 499 942; x_wconf 79' lang='lat' dir='ltr'>publicam</span> <span class='ocrx_word' id='word_1_62' title='bbox 530 876 708 927; x_wconf 87' lang='lat' dir='ltr'>tanta</span> <span class='ocrx_word' id='word_1_63' title='bbox 734 888 896 944; x_wconf 89' lang='lat' dir='ltr'>pace,</span> <span class='ocrx_word' id='word_1_64' title='bbox 928 875 1100 927; x_wconf 90' lang='lat' dir='ltr'>tanto</span> <span class='ocrx_word' id='word_1_65' title='bbox 1143 870 1284 941; x_wconf 89' lang='lat' dir='ltr'>oti0,</span> <span class='ocrx_word' id='word_1_66' title='bbox 1314 876 1489 929; x_wconf 87' lang='lat' dir='ltr'>tanto</span> <span class='ocrx_word' id='word_1_67' title='bbox 1533 871 1772 928; x_wconf 88' lang='lat' dir='ltr'>silentio</span> <span class='ocrx_word' id='word_1_68' title='bbox 1814 870 1954 927; x_wconf 89' lang='lat' dir='ltr'>libe-</span> 
     </span>
     <span class='ocr_line' id='line_1_10' title="bbox 191 965 1250 1014; baseline 0.011 -12"><span class='ocrx_word' id='word_1_69' title='bbox 191 965 518 1007; x_wconf 86' lang='lat' dir='ltr'>rassemus.</span> <span class='ocrx_word' id='word_1_70' title='bbox 1237 1006 1250 1014; x_wconf 81' lang='grc'><strong><em>,</em></strong></span> 
     </span>
    </p>

    <p class='ocr_par' dir='ltr' id='par_1_3' title="bbox 189 1021 2057 3407">
     <span class='ocr_line' id='line_1_11' title="bbox 271 1021 2057 1103; baseline 0.002 -17"><span class='ocrx_word' id='word_1_71' title='bbox 271 1032 323 1086; x_wconf 91' lang='grc'>8.</span> <span class='ocrx_word' id='word_1_72' title='bbox 373 1030 765 1103; x_wconf 81' lang='lat' dir='ltr'><strong>Quamquam</strong></span> <span class='ocrx_word' id='word_1_73' title='bbox 810 1028 957 1086; x_wconf 88' lang='lat' dir='ltr'>haec</span> <span class='ocrx_word' id='word_1_74' title='bbox 1002 1021 1228 1099; x_wconf 50' lang='lat' dir='ltr'>omnia?</span> <span class='ocrx_word' id='word_1_75' title='bbox 1266 1029 1548 1102; x_wconf 59' lang='lat' dir='ltr'>Quirites</span> <span class='ocrx_word' id='word_1_76' title='bbox 1591 1029 1678 1086; x_wconf 88' lang='lat' dir='ltr'>ita</span> <span class='ocrx_word' id='word_1_77' title='bbox 1728 1035 1873 1087; x_wconf 91' lang='lat' dir='ltr'>sunt</span> <span class='ocrx_word' id='word_1_78' title='bbox 1916 1048 1952 1086; x_wconf 89' lang='lat' dir='ltr'>a</span> <span class='ocrx_word' id='word_1_79' title='bbox 1985 1033 2057 1089; x_wconf 92' lang='lat'>10</span> 
     </span>
     <span class='ocr_line' id='line_1_12' title="bbox 189 1108 1950 1183; baseline 0.001 -20"><span class='ocrx_word' id='word_1_80' title='bbox 189 1124 285 1164; x_wconf 91' lang='lat' dir='ltr'>me</span> <span class='ocrx_word' id='word_1_81' title='bbox 313 1108 764 1177; x_wconf 87' lang='lat' dir='ltr'>administrata,</span> <span class='ocrx_word' id='word_1_82' title='bbox 784 1115 852 1165; x_wconf 89' lang='lat' dir='ltr'>ut</span> <span class='ocrx_word' id='word_1_83' title='bbox 872 1109 1119 1166; x_wconf 89' lang='lat' dir='ltr'>deorum</span> <span class='ocrx_word' id='word_1_84' title='bbox 1143 1109 1573 1166; x_wconf 82' lang='lat' dir='ltr'>immortalium</span> <span class='ocrx_word' id='word_1_85' title='bbox 1598 1116 1749 1166; x_wconf 92' lang='lat' dir='ltr'>nutu</span> <span class='ocrx_word' id='word_1_86' title='bbox 1771 1115 1950 1183; x_wconf 89' lang='lat' dir='ltr'>atque</span> 
     </span>
     <span class='ocr_line' id='line_1_13' title="bbox 191 1188 1954 1263; baseline 0.001 -21"><span class='ocrx_word' id='word_1_87' title='bbox 191 1188 448 1246; x_wconf 83' lang='lat' dir='ltr'>consilio</span> <span class='ocrx_word' id='word_1_88' title='bbox 492 1193 554 1244; x_wconf 91' lang='lat' dir='ltr'>et</span> <span class='ocrx_word' id='word_1_89' title='bbox 597 1193 774 1261; x_wconf 84' lang='lat' dir='ltr'>gesta</span> <span class='ocrx_word' id='word_1_90' title='bbox 816 1194 878 1244; x_wconf 87' lang='lat' dir='ltr'>et</span> <span class='ocrx_word' id='word_1_91' title='bbox 923 1189 1169 1262; x_wconf 85' lang='lat' dir='ltr'>provisa</span> <span class='ocrx_word' id='word_1_92' title='bbox 1211 1206 1344 1245; x_wconf 87' lang='lat' dir='ltr'>esse</span> <span class='ocrx_word' id='word_1_93' title='bbox 1378 1189 1730 1262; x_wconf 83' lang='lat' dir='ltr'>videantur3</span> <span class='ocrx_word' id='word_1_94' title='bbox 1774 1188 1954 1263; x_wconf 88' lang='lat' dir='ltr'>idque</span> 
     </span>
     <span class='ocr_line' id='line_1_14' title="bbox 190 1268 1955 1343; baseline 0.001 -21"><span class='ocrx_word' id='word_1_95' title='bbox 190 1284 328 1322; x_wconf 89' lang='lat' dir='ltr'>cum</span> <span class='ocrx_word' id='word_1_96' title='bbox 374 1268 721 1340; x_wconf 88' lang='lat' dir='ltr'>conjectura</span> <span class='ocrx_word' id='word_1_97' title='bbox 762 1268 1048 1341; x_wconf 80' lang='lat' dir='ltr'>consequi</span> <span class='ocrx_word' id='word_1_98' title='bbox 1094 1286 1435 1342; x_wconf 90' lang='lat' dir='ltr'>possumus,</span> <span class='ocrx_word' id='word_1_99' title='bbox 1473 1268 1633 1343; x_wconf 89' lang='lat' dir='ltr'>quod</span> <span class='ocrx_word' id='word_1_100' title='bbox 1665 1268 1766 1325; x_wconf 81' lang='lat' dir='ltr'>vix</span> <span class='ocrx_word' id='word_1_101' title='bbox 1796 1269 1955 1325; x_wconf 85' lang='lat' dir='ltr'>vide-</span> 
     </span>
     <span class='ocr_line' id='line_1_15' title="bbox 191 1345 1953 1420; baseline 0.001 -19"><span class='ocrx_word' id='word_1_102' title='bbox 191 1352 291 1402; x_wconf 92' lang='lat' dir='ltr'>tur</span> <span class='ocrx_word' id='word_1_103' title='bbox 319 1345 576 1403; x_wconf 88' lang='lat' dir='ltr'>humani</span> <span class='ocrx_word' id='word_1_104' title='bbox 606 1347 841 1403; x_wconf 90' lang='lat' dir='ltr'>consilii</span> <span class='ocrx_word' id='word_1_105' title='bbox 869 1353 1180 1404; x_wconf 87' lang='lat' dir='ltr'>tantarum</span> <span class='ocrx_word' id='word_1_106' title='bbox 1209 1365 1407 1404; x_wconf 89' lang='lat' dir='ltr'>rerum</span> <span class='ocrx_word' id='word_1_107' title='bbox 1436 1348 1790 1420; x_wconf 75' lang='lat' dir='ltr'>gubernatio</span> <span class='ocrx_word' id='word_1_108' title='bbox 1819 1365 1953 1404; x_wconf 91' lang='lat' dir='ltr'>esse</span> 
     </span>
     <span class='ocr_line' id='line_1_16' title="bbox 191 1426 2057 1512; baseline 0.001 -31"><span class='ocrx_word' id='word_1_109' title='bbox 191 1426 490 1512; x_wconf 61' lang='lat' dir='ltr'>potuisse,</span> <span class='ocrx_word' id='word_1_110' title='bbox 536 1430 667 1482; x_wconf 88' lang='lat' dir='ltr'>tum</span> <span class='ocrx_word' id='word_1_111' title='bbox 717 1444 858 1483; x_wconf 86' lang='lat' dir='ltr'>vero</span> <span class='ocrx_word' id='word_1_112' title='bbox 904 1427 990 1483; x_wconf 87' lang='lat' dir='ltr'>ita</span> <span class='ocrx_word' id='word_1_113' title='bbox 1033 1431 1383 1501; x_wconf 79' lang='lat' dir='ltr'>praesentes</span> <span class='ocrx_word' id='word_1_114' title='bbox 1441 1426 1536 1483; x_wconf 90' lang='lat' dir='ltr'>his</span> <span class='ocrx_word' id='word_1_115' title='bbox 1581 1427 1954 1501; x_wconf 81' lang='lat' dir='ltr'>temporibus</span> <span class='ocrx_word' id='word_1_116' title='bbox 1987 1427 2057 1483; x_wconf 87' lang='lat'>15</span> 
     </span>
     <span class='ocr_line' id='line_1_17' title="bbox 192 1505 1950 1580; baseline 0.001 -20"><span class='ocrx_word' id='word_1_117' title='bbox 192 1522 371 1579; x_wconf 90' lang='lat' dir='ltr'>opem</span> <span class='ocrx_word' id='word_1_118' title='bbox 404 1512 468 1562; x_wconf 92' lang='lat' dir='ltr'>et</span> <span class='ocrx_word' id='word_1_119' title='bbox 497 1505 782 1562; x_wconf 82' lang='lat' dir='ltr'>auxilium</span> <span class='ocrx_word' id='word_1_120' title='bbox 813 1506 987 1563; x_wconf 90' lang='lat' dir='ltr'>uobis</span> <span class='ocrx_word' id='word_1_121' title='bbox 1016 1507 1302 1576; x_wconf 87' lang='lat' dir='ltr'>tulerunt,</span> <span class='ocrx_word' id='word_1_122' title='bbox 1329 1512 1396 1562; x_wconf 90' lang='lat' dir='ltr'>ut</span> <span class='ocrx_word' id='word_1_123' title='bbox 1416 1523 1521 1562; x_wconf 92' lang='lat' dir='ltr'>eos</span> <span class='ocrx_word' id='word_1_124' title='bbox 1550 1524 1737 1580; x_wconf 89' lang='lat' dir='ltr'>paene</span> <span class='ocrx_word' id='word_1_125' title='bbox 1761 1505 1950 1563; x_wconf 90' lang='lat' dir='ltr'>oculis</span> 
     </span>
     <span class='ocr_line' id='line_1_18' title="bbox 193 1584 1953 1658; baseline 0.002 -19"><span class='ocrx_word' id='word_1_126' title='bbox 193 1584 405 1641; x_wconf 85' lang='lat' dir='ltr'>videre</span> <span class='ocrx_word' id='word_1_127' title='bbox 448 1602 803 1658; x_wconf 85' lang='lat' dir='ltr'>possemus:</span> <span class='ocrx_word' id='word_1_128' title='bbox 851 1603 987 1641; x_wconf 90' lang='lat' dir='ltr'>nam</span> <span class='ocrx_word' id='word_1_129' title='bbox 1030 1592 1101 1642; x_wconf 91' lang='lat' dir='ltr'>ut</span> <span class='ocrx_word' id='word_1_130' title='bbox 1136 1586 1243 1643; x_wconf 91' lang='lat' dir='ltr'>illa</span> <span class='ocrx_word' id='word_1_131' title='bbox 1277 1586 1574 1655; x_wconf 86' lang='lat' dir='ltr'>omittam,</span> <span class='ocrx_word' id='word_1_132' title='bbox 1609 1586 1775 1642; x_wconf 85' lang='lat' dir='ltr'>visas</span> <span class='ocrx_word' id='word_1_133' title='bbox 1818 1603 1953 1642; x_wconf 87' lang='lat' dir='ltr'>noc-</span> 
     </span>
     <span class='ocr_line' id='line_1_19' title="bbox 190 1664 1947 1740; baseline 0.001 -21"><span class='ocrx_word' id='word_1_134' title='bbox 190 1669 374 1720; x_wconf 89' lang='lat' dir='ltr'>turno</span> <span class='ocrx_word' id='word_1_135' title='bbox 409 1670 674 1737; x_wconf 86' lang='lat' dir='ltr'>tempore</span> <span class='ocrx_word' id='word_1_136' title='bbox 705 1664 781 1720; x_wconf 87' lang='lat' dir='ltr'>ab</span> <span class='ocrx_word' id='word_1_137' title='bbox 826 1664 1129 1721; x_wconf 89' lang='lat' dir='ltr'>occidente</span> <span class='ocrx_word' id='word_1_138' title='bbox 1162 1665 1322 1723; x_wconf 87' lang='lat' dir='ltr'>faces</span> <span class='ocrx_word' id='word_1_139' title='bbox 1355 1665 1746 1740; x_wconf 86' lang='lat' dir='ltr'>ardoremque</span> <span class='ocrx_word' id='word_1_140' title='bbox 1785 1664 1947 1733; x_wconf 86' lang='lat' dir='ltr'>caeli,</span> 
     </span>
     <span class='ocr_line' id='line_1_20' title="bbox 191 1743 1953 1822; baseline 0.002 -24"><span class='ocrx_word' id='word_1_141' title='bbox 191 1749 263 1798; x_wconf 89' lang='lat' dir='ltr'>ut</span> <span class='ocrx_word' id='word_1_142' title='bbox 305 1743 627 1816; x_wconf 76' lang='lat' dir='ltr'>fulminum</span> <span class='ocrx_word' id='word_1_143' title='bbox 664 1745 986 1822; x_wconf 52' lang='lat' dir='ltr'>jactuffiut</span> <span class='ocrx_word' id='word_1_144' title='bbox 1014 1751 1207 1802; x_wconf 90' lang='lat' dir='ltr'>terrae</span> <span class='ocrx_word' id='word_1_145' title='bbox 1257 1749 1462 1801; x_wconf 89' lang='lat' dir='ltr'>motus</span> <span class='ocrx_word' id='word_1_146' title='bbox 1504 1745 1857 1819; x_wconf 81' lang='lat' dir='ltr'>relinquam,</span> <span class='ocrx_word' id='word_1_147' title='bbox 1885 1749 1953 1801; x_wconf 88' lang='lat' dir='ltr'>ut</span> 
     </span>
     <span class='ocr_line' id='line_1_21' title="bbox 191 1822 2056 1897; baseline 0.002 -19"><span class='ocrx_word' id='word_1_148' title='bbox 191 1822 477 1879; x_wconf 87' lang='lat' dir='ltr'>omittam</span> <span class='ocrx_word' id='word_1_149' title='bbox 523 1828 737 1892; x_wconf 87' lang='lat' dir='ltr'>cetera,</span> <span class='ocrx_word' id='word_1_150' title='bbox 774 1841 929 1897; x_wconf 87' lang='lat' dir='ltr'>quae</span> <span class='ocrx_word' id='word_1_151' title='bbox 976 1829 1103 1880; x_wconf 87' lang='lat' dir='ltr'>tam</span> <span class='ocrx_word' id='word_1_152' title='bbox 1149 1824 1344 1881; x_wconf 88' lang='lat' dir='ltr'>multa</span> <span class='ocrx_word' id='word_1_153' title='bbox 1389 1824 1564 1881; x_wconf 90' lang='lat' dir='ltr'>nobis</span> <span class='ocrx_word' id='word_1_154' title='bbox 1607 1824 1951 1881; x_wconf 88' lang='lat' dir='ltr'>consulibus</span> <span class='ocrx_word' id='word_1_155' title='bbox 1981 1824 2056 1881; x_wconf 80' lang='lat'>20</span> 
     </span>
     <span class='ocr_line' id='line_1_22' title="bbox 193 1900 1954 1976; baseline 0.001 -19"><span class='ocrx_word' id='word_1_156' title='bbox 193 1900 358 1958; x_wconf 87' lang='lat' dir='ltr'>facta</span> <span class='ocrx_word' id='word_1_157' title='bbox 405 1908 566 1972; x_wconf 89' lang='lat' dir='ltr'>sunt,</span> <span class='ocrx_word' id='word_1_158' title='bbox 600 1908 668 1958; x_wconf 90' lang='lat' dir='ltr'>ut</span> <span class='ocrx_word' id='word_1_159' title='bbox 714 1903 876 1973; x_wconf 83' lang='lat' dir='ltr'>haec,</span> <span class='ocrx_word' id='word_1_160' title='bbox 908 1921 1062 1976; x_wconf 84' lang='lat' dir='ltr'>quae</span> <span class='ocrx_word' id='word_1_161' title='bbox 1109 1920 1269 1960; x_wconf 90' lang='lat' dir='ltr'>nunc</span> <span class='ocrx_word' id='word_1_162' title='bbox 1299 1902 1465 1973; x_wconf 89' lang='lat' dir='ltr'>fiunt,</span> <span class='ocrx_word' id='word_1_163' title='bbox 1496 1921 1707 1960; x_wconf 85' lang='lat' dir='ltr'>cauere</span> <span class='ocrx_word' id='word_1_164' title='bbox 1741 1903 1802 1960; x_wconf 91' lang='lat' dir='ltr'>di</span> <span class='ocrx_word' id='word_1_165' title='bbox 1847 1903 1954 1959; x_wconf 90' lang='lat' dir='ltr'>im·</span> 
     </span>
     <span class='ocr_line' id='line_1_23' title="bbox 191 1980 1947 2057; baseline 0.002 -21"><span class='ocrx_word' id='word_1_166' title='bbox 191 1980 489 2038; x_wconf 81' lang='lat' dir='ltr'>mortales</span> <span class='ocrx_word' id='word_1_167' title='bbox 520 1982 883 2051; x_wconf 85' lang='lat' dir='ltr'>viderentur,</span> <span class='ocrx_word' id='word_1_168' title='bbox 917 1981 1028 2039; x_wconf 91' lang='lat' dir='ltr'>hoc</span> <span class='ocrx_word' id='word_1_169' title='bbox 1071 1989 1247 2052; x_wconf 88' lang='lat' dir='ltr'>certe,</span> <span class='ocrx_word' id='word_1_170' title='bbox 1278 1983 1438 2057; x_wconf 91' lang='lat' dir='ltr'>quod</span> <span class='ocrx_word' id='word_1_171' title='bbox 1482 2000 1614 2039; x_wconf 84' lang='lat' dir='ltr'>sum</span> <span class='ocrx_word' id='word_1_172' title='bbox 1659 1983 1947 2052; x_wconf 90' lang='lat' dir='ltr'>dicturus,</span> 
     </span>
     <span class='ocr_line' id='line_1_24' title="bbox 191 2061 1946 2136; baseline 0.002 -20"><span class='ocrx_word' id='word_1_173' title='bbox 191 2078 394 2134; x_wconf 91' lang='lat' dir='ltr'>neque</span> <span class='ocrx_word' id='word_1_174' title='bbox 438 2061 1043 2136; x_wconf 87' lang='lat' dir='ltr'>praetermittendum</span> <span class='ocrx_word' id='word_1_175' title='bbox 1090 2080 1284 2136; x_wconf 88' lang='lat' dir='ltr'>neque</span> <span class='ocrx_word' id='word_1_176' title='bbox 1323 2062 1778 2136; x_wconf 86' lang='lat' dir='ltr'>relinquendum</span> <span class='ocrx_word' id='word_1_177' title='bbox 1815 2069 1946 2119; x_wconf 87' lang='lat' dir='ltr'>est:</span> 
     </span>
     <span class='ocr_line' id='line_1_25' title="bbox 192 2139 1951 2216; baseline 0.002 -21"><span class='ocrx_word' id='word_1_178' title='bbox 192 2156 338 2196; x_wconf 87' lang='lat' dir='ltr'>nam</span> <span class='ocrx_word' id='word_1_179' title='bbox 387 2139 656 2214; x_wconf 87' lang='lat' dir='ltr'>profecto</span> <span class='ocrx_word' id='word_1_180' title='bbox 704 2141 995 2197; x_wconf 87' lang='lat' dir='ltr'>memoria</span> <span class='ocrx_word' id='word_1_181' title='bbox 1036 2142 1260 2197; x_wconf 85' lang='lat' dir='ltr'>tenetis</span> <span class='ocrx_word' id='word_1_182' title='bbox 1305 2140 1489 2208; x_wconf 79' lang='lat' dir='ltr'>Cotta</span> <span class='ocrx_word' id='word_1_183' title='bbox 1537 2147 1598 2198; x_wconf 88' lang='lat' dir='ltr'>et</span> <span class='ocrx_word' id='word_1_184' title='bbox 1644 2142 1951 2216; x_wconf 81' lang='lat' dir='ltr'>Torquato</span> 
     </span>
     <span class='ocr_line' id='line_1_26' title="bbox 191 2218 2052 2294; baseline 0.002 -19"><span class='ocrx_word' id='word_1_185' title='bbox 191 2218 550 2277; x_wconf 86' lang='lat' dir='ltr'>consulibus</span> <span class='ocrx_word' id='word_1_186' title='bbox 588 2221 924 2294; x_wconf 83' lang='lat' dir='ltr'>complures</span> <span class='ocrx_word' id='word_1_187' title='bbox 966 2220 1029 2276; x_wconf 89' lang='lat' dir='ltr'>iu</span> <span class='ocrx_word' id='word_1_188' title='bbox 1060 2221 1367 2294; x_wconf 86' lang='lat' dir='ltr'>Capitolio</span> <span class='ocrx_word' id='word_1_189' title='bbox 1398 2238 1493 2277; x_wconf 87' lang='lat' dir='ltr'>res</span> <span class='ocrx_word' id='word_1_190' title='bbox 1523 2221 1595 2277; x_wconf 88' lang='lat' dir='ltr'>de</span> <span class='ocrx_word' id='word_1_191' title='bbox 1626 2221 1789 2278; x_wconf 88' lang='lat' dir='ltr'>caelo</span> <span class='ocrx_word' id='word_1_192' title='bbox 1818 2239 1949 2278; x_wconf 89' lang='lat' dir='ltr'>esse</span> <span class='ocrx_word' id='word_1_193' title='bbox 1981 2222 2052 2278; x_wconf 83' lang='lat'>25</span> 
     </span>
     <span class='ocr_line' id='line_1_27' title="bbox 189 2299 1948 2375; baseline 0.002 -21"><span class='ocrx_word' id='word_1_194' title='bbox 189 2315 534 2372; x_wconf 80' lang='lat' dir='ltr'>percussaS,</span> <span class='ocrx_word' id='word_1_195' title='bbox 559 2316 695 2365; x_wconf 86' lang='lat' dir='ltr'>cum</span> <span class='ocrx_word' id='word_1_196' title='bbox 723 2307 785 2356; x_wconf 87' lang='lat' dir='ltr'>et</span> <span class='ocrx_word' id='word_1_197' title='bbox 814 2299 1134 2356; x_wconf 87' lang='lat' dir='ltr'>simulacra</span> <span class='ocrx_word' id='word_1_198' title='bbox 1157 2300 1402 2356; x_wconf 86' lang='lat' dir='ltr'>deorum</span> <span class='ocrx_word' id='word_1_199' title='bbox 1432 2301 1684 2375; x_wconf 87' lang='lat' dir='ltr'>depulsa</span> <span class='ocrx_word' id='word_1_200' title='bbox 1713 2305 1856 2357; x_wconf 90' lang='lat' dir='ltr'>sunt</span> <span class='ocrx_word' id='word_1_201' title='bbox 1884 2306 1948 2357; x_wconf 91' lang='lat' dir='ltr'>et</span> 
     </span>
     <span class='ocr_line' id='line_1_28' title="bbox 192 2379 1950 2454; baseline 0.001 -20"><span class='ocrx_word' id='word_1_202' title='bbox 192 2383 444 2434; x_wconf 87' lang='lat' dir='ltr'>statuae</span> <span class='ocrx_word' id='word_1_203' title='bbox 490 2385 759 2436; x_wconf 85' lang='lat' dir='ltr'>veterum</span> <span class='ocrx_word' id='word_1_204' title='bbox 803 2379 1114 2437; x_wconf 87' lang='lat' dir='ltr'>hominum</span> <span class='ocrx_word' id='word_1_205' title='bbox 1155 2380 1417 2453; x_wconf 88' lang='lat' dir='ltr'>dejectae</span> <span class='ocrx_word' id='word_1_206' title='bbox 1461 2387 1525 2436; x_wconf 92' lang='lat' dir='ltr'>et</span> <span class='ocrx_word' id='word_1_207' title='bbox 1564 2380 1767 2454; x_wconf 83' lang='lat' dir='ltr'>legum</span> <span class='ocrx_word' id='word_1_208' title='bbox 1811 2398 1950 2436; x_wconf 88' lang='lat' dir='ltr'>aera</span> 
     </span>
     <span class='ocr_line' id='line_1_29' title="bbox 192 2456 1947 2533; baseline 0.002 -20"><span class='ocrx_word' id='word_1_209' title='bbox 192 2456 564 2532; x_wconf 81' lang='lat' dir='ltr'>liquefacta3</span> <span class='ocrx_word' id='word_1_210' title='bbox 613 2464 814 2515; x_wconf 88' lang='lat' dir='ltr'>tactus</span> <span class='ocrx_word' id='word_1_211' title='bbox 858 2466 955 2516; x_wconf 91' lang='lat' dir='ltr'>est</span> <span class='ocrx_word' id='word_1_212' title='bbox 1002 2460 1186 2516; x_wconf 83' lang='lat' dir='ltr'>etiam</span> <span class='ocrx_word' id='word_1_213' title='bbox 1233 2458 1348 2526; x_wconf 88' lang='lat' dir='ltr'>ille,</span> <span class='ocrx_word' id='word_1_214' title='bbox 1396 2460 1499 2533; x_wconf 84' lang='lat' dir='ltr'>qui</span> <span class='ocrx_word' id='word_1_215' title='bbox 1542 2459 1696 2516; x_wconf 88' lang='lat' dir='ltr'>hanc</span> <span class='ocrx_word' id='word_1_216' title='bbox 1740 2461 1947 2516; x_wconf 91' lang='lat' dir='ltr'>urbem</span> 
     </span>
     <span class='ocr_line' id='line_1_30' title="bbox 191 2535 1945 2614; baseline 0.001 -20"><span class='ocrx_word' id='word_1_217' title='bbox 191 2535 489 2605; x_wconf 84' lang='lat' dir='ltr'>condidit,</span> <span class='ocrx_word' id='word_1_218' title='bbox 537 2536 854 2609; x_wconf 86' lang='lat' dir='ltr'>Romulus,</span> <span class='ocrx_word' id='word_1_219' title='bbox 900 2556 1081 2612; x_wconf 91' lang='lat' dir='ltr'>quem</span> <span class='ocrx_word' id='word_1_220' title='bbox 1125 2539 1470 2595; x_wconf 84' lang='lat' dir='ltr'>inauratum</span> <span class='ocrx_word' id='word_1_221' title='bbox 1520 2537 1581 2594; x_wconf 90' lang='lat' dir='ltr'>iu</span> <span class='ocrx_word' id='word_1_222' title='bbox 1628 2538 1945 2614; x_wconf 79' lang='lat' dir='ltr'>Capitolio,</span> 
     </span>
     <span class='ocr_line' id='line_1_31' title="bbox 189 2616 2053 2692; baseline 0.001 -20"><span class='ocrx_word' id='word_1_223' title='bbox 189 2626 458 2691; x_wconf 83' lang='lat' dir='ltr'>parvum</span> <span class='ocrx_word' id='word_1_224' title='bbox 519 2622 701 2689; x_wconf 88' lang='lat' dir='ltr'>atque</span> <span class='ocrx_word' id='word_1_225' title='bbox 768 2616 1107 2686; x_wconf 85' lang='lat' dir='ltr'>lactentem,</span> <span class='ocrx_word' id='word_1_226' title='bbox 1160 2618 1448 2674; x_wconf 88' lang='lat' dir='ltr'>uberibus</span> <span class='ocrx_word' id='word_1_227' title='bbox 1516 2618 1738 2692; x_wconf 87' lang='lat' dir='ltr'>lupinis</span> <span class='ocrx_word' id='word_1_228' title='bbox 1800 2619 1952 2674; x_wconf 90' lang='lat' dir='ltr'>inhi-</span> <span class='ocrx_word' id='word_1_229' title='bbox 1978 2619 2053 2674; x_wconf 89' lang='grc'>30</span> 
     </span>
     <span class='ocr_line' id='line_1_32' title="bbox 192 2695 1948 2774; baseline 0.001 -22"><span class='ocrx_word' id='word_1_230' title='bbox 192 2695 631 2765; x_wconf 83' lang='lat' dir='ltr'>autem,fuisse</span> <span class='ocrx_word' id='word_1_231' title='bbox 662 2696 1020 2753; x_wconf 88' lang='lat' dir='ltr'>meministis</span> <span class='ocrx_word' id='word_1_232' title='bbox 1045 2716 1059 2768; x_wconf 82' lang='lat'><em>3</em></span> <span class='ocrx_word' id='word_1_233' title='bbox 1101 2714 1220 2770; x_wconf 90' lang='lat' dir='ltr'>quo</span> <span class='ocrx_word' id='word_1_234' title='bbox 1250 2697 1492 2771; x_wconf 90' lang='lat' dir='ltr'>quidem</span> <span class='ocrx_word' id='word_1_235' title='bbox 1517 2703 1785 2774; x_wconf 86' lang='lat' dir='ltr'>tempore</span> <span class='ocrx_word' id='word_1_236' title='bbox 1815 2715 1948 2754; x_wconf 88' lang='lat' dir='ltr'>cum</span> 
     </span>
     <span class='ocr_line' id='line_1_33' title="bbox 192 2774 1952 2849; baseline 0 -17"><span class='ocrx_word' id='word_1_237' title='bbox 192 2774 554 2849; x_wconf 87' lang='lat' dir='ltr'>haruspices</span> <span class='ocrx_word' id='word_1_238' title='bbox 596 2792 671 2832; x_wconf 84' lang='lat' dir='ltr'>ex</span> <span class='ocrx_word' id='word_1_239' title='bbox 698 2780 828 2832; x_wconf 88' lang='lat' dir='ltr'>tota</span> <span class='ocrx_word' id='word_1_240' title='bbox 863 2776 1110 2832; x_wconf 85' lang='lat' dir='ltr'>Etruria</span> <span class='ocrx_word' id='word_1_241' title='bbox 1140 2777 1577 2844; x_wconf 85' lang='lat' dir='ltr'>convenissent,</span> <span class='ocrx_word' id='word_1_242' title='bbox 1610 2777 1823 2833; x_wconf 85' lang='lat' dir='ltr'>caedes</span> <span class='ocrx_word' id='word_1_243' title='bbox 1868 2783 1952 2832; x_wconf 87' lang='lat' dir='ltr'>at-</span> 
     </span>
     <span class='ocr_line' id='line_1_34' title="bbox 193 2854 1950 2929; baseline 0.001 -18"><span class='ocrx_word' id='word_1_244' title='bbox 193 2873 314 2929; x_wconf 91' lang='lat' dir='ltr'>que</span> <span class='ocrx_word' id='word_1_245' title='bbox 347 2854 629 2910; x_wconf 88' lang='lat' dir='ltr'>incendia</span> <span class='ocrx_word' id='word_1_246' title='bbox 658 2860 720 2911; x_wconf 92' lang='lat' dir='ltr'>et</span> <span class='ocrx_word' id='word_1_247' title='bbox 750 2854 952 2928; x_wconf 85' lang='lat' dir='ltr'>legum</span> <span class='ocrx_word' id='word_1_248' title='bbox 993 2854 1304 2910; x_wconf 87' lang='lat' dir='ltr'>interitum</span> <span class='ocrx_word' id='word_1_249' title='bbox 1335 2862 1397 2912; x_wconf 90' lang='lat' dir='ltr'>et</span> <span class='ocrx_word' id='word_1_250' title='bbox 1428 2856 1648 2911; x_wconf 87' lang='lat' dir='ltr'>bellum</span> <span class='ocrx_word' id='word_1_251' title='bbox 1679 2856 1849 2911; x_wconf 89' lang='lat' dir='ltr'>civile</span> <span class='ocrx_word' id='word_1_252' title='bbox 1881 2874 1950 2912; x_wconf 87' lang='lat' dir='ltr'>ac</span> 
     </span>
     <span class='ocr_line' id='line_1_35' title="bbox 193 2933 1948 3008; baseline 0 -18"><span class='ocrx_word' id='word_1_253' title='bbox 193 2933 607 2991; x_wconf 88' lang='lat' dir='ltr'>domesticum</span> <span class='ocrx_word' id='word_1_254' title='bbox 651 2940 712 2990; x_wconf 91' lang='lat' dir='ltr'>et</span> <span class='ocrx_word' id='word_1_255' title='bbox 757 2934 948 2991; x_wconf 89' lang='lat' dir='ltr'>totius</span> <span class='ocrx_word' id='word_1_256' title='bbox 980 2935 1144 2991; x_wconf 87' lang='lat' dir='ltr'>urbis</span> <span class='ocrx_word' id='word_1_257' title='bbox 1189 2940 1367 3008; x_wconf 83' lang='lat' dir='ltr'>atque</span> <span class='ocrx_word' id='word_1_258' title='bbox 1396 2934 1628 3007; x_wconf 86' lang='lat' dir='ltr'>imperii</span> <span class='ocrx_word' id='word_1_259' title='bbox 1671 2950 1948 2991; x_wconf 86' lang='lat' dir='ltr'>occasum</span> 
     </span>
     <span class='ocr_line' id='line_1_36' title="bbox 196 3013 2053 3088; baseline -0.001 -19"><span class='ocrx_word' id='word_1_260' title='bbox 196 3013 684 3088; x_wconf 84' lang='lat' dir='ltr'>appropinquare</span> <span class='ocrx_word' id='word_1_261' title='bbox 730 3013 1024 3081; x_wconf 86' lang='lat' dir='ltr'>dixerunt,</span> <span class='ocrx_word' id='word_1_262' title='bbox 1075 3014 1190 3069; x_wconf 90' lang='lat' dir='ltr'>uisi</span> <span class='ocrx_word' id='word_1_263' title='bbox 1247 3014 1306 3069; x_wconf 92' lang='lat' dir='ltr'>di</span> <span class='ocrx_word' id='word_1_264' title='bbox 1363 3013 1732 3070; x_wconf 84' lang='lat' dir='ltr'>immortales</span> <span class='ocrx_word' id='word_1_265' title='bbox 1789 3014 1947 3070; x_wconf 86' lang='lat' dir='ltr'>omni</span> <span class='ocrx_word' id='word_1_266' title='bbox 1979 3013 2053 3069; x_wconf 87' lang='lat'>35</span> 
     </span>
     <span class='ocr_line' id='line_1_37' title="bbox 195 3091 1946 3167; baseline 0.001 -19"><span class='ocrx_word' id='word_1_267' title='bbox 195 3093 433 3149; x_wconf 84' lang='lat' dir='ltr'>ratione</span> <span class='ocrx_word' id='word_1_268' title='bbox 464 3091 688 3166; x_wconf 84' lang='lat' dir='ltr'>placati</span> <span class='ocrx_word' id='word_1_269' title='bbox 713 3109 821 3148; x_wconf 91' lang='lat' dir='ltr'>suo</span> <span class='ocrx_word' id='word_1_270' title='bbox 846 3094 1088 3149; x_wconf 88' lang='lat' dir='ltr'>numine</span> <span class='ocrx_word' id='word_1_271' title='bbox 1113 3111 1296 3166; x_wconf 86' lang='lat' dir='ltr'>prope</span> <span class='ocrx_word' id='word_1_272' title='bbox 1315 3092 1441 3148; x_wconf 85' lang='lat' dir='ltr'>fata</span> <span class='ocrx_word' id='word_1_273' title='bbox 1471 3093 1601 3167; x_wconf 85' lang='lat' dir='ltr'>ipsa</span> <span class='ocrx_word' id='word_1_274' title='bbox 1627 3092 1946 3149; x_wconf 86' lang='lat' dir='ltr'>flexissent.</span> 
     </span>
     <span class='ocr_line' id='line_1_38' title="bbox 195 3171 1951 3246; baseline -0.002 -17"><span class='ocrx_word' id='word_1_275' title='bbox 195 3171 421 3245; x_wconf 84' lang='lat' dir='ltr'>Itaque</span> <span class='ocrx_word' id='word_1_276' title='bbox 453 3171 697 3227; x_wconf 88' lang='lat' dir='ltr'>illorum</span> <span class='ocrx_word' id='word_1_277' title='bbox 725 3173 1029 3246; x_wconf 88' lang='lat' dir='ltr'>responsis</span> <span class='ocrx_word' id='word_1_278' title='bbox 1052 3179 1185 3227; x_wconf 86' lang='lat' dir='ltr'>tum</span> <span class='ocrx_word' id='word_1_279' title='bbox 1213 3178 1275 3228; x_wconf 90' lang='lat' dir='ltr'>et</span> <span class='ocrx_word' id='word_1_280' title='bbox 1304 3172 1426 3228; x_wconf 89' lang='lat' dir='ltr'>ludi</span> <span class='ocrx_word' id='word_1_281' title='bbox 1459 3187 1562 3246; x_wconf 90' lang='lat' dir='ltr'>per</span> <span class='ocrx_word' id='word_1_282' title='bbox 1585 3172 1788 3227; x_wconf 86' lang='lat' dir='ltr'>decem</span> <span class='ocrx_word' id='word_1_283' title='bbox 1822 3172 1951 3226; x_wconf 85' lang='lat' dir='ltr'>dies</span> 
     </span>
     <span class='ocr_line' id='line_1_39' title="bbox 198 3248 1953 3324; baseline -0.003 -17"><span class='ocrx_word' id='word_1_284' title='bbox 198 3251 345 3308; x_wconf 82' lang='lat' dir='ltr'>facti</span> <span class='ocrx_word' id='word_1_285' title='bbox 393 3255 542 3307; x_wconf 89' lang='lat' dir='ltr'>sunt</span> <span class='ocrx_word' id='word_1_286' title='bbox 589 3268 781 3323; x_wconf 93' lang='lat' dir='ltr'>neque</span> <span class='ocrx_word' id='word_1_287' title='bbox 826 3269 920 3308; x_wconf 90' lang='lat' dir='ltr'>res</span> <span class='ocrx_word' id='word_1_288' title='bbox 963 3250 1086 3306; x_wconf 88' lang='lat' dir='ltr'>ulla</span> <span class='ocrx_word' id='word_1_289' title='bbox 1129 3268 1281 3324; x_wconf 89' lang='lat' dir='ltr'>quae</span> <span class='ocrx_word' id='word_1_290' title='bbox 1326 3252 1400 3306; x_wconf 89' lang='lat' dir='ltr'>ad</span> <span class='ocrx_word' id='word_1_291' title='bbox 1441 3249 1767 3324; x_wconf 83' lang='lat' dir='ltr'>placandos</span> <span class='ocrx_word' id='word_1_292' title='bbox 1808 3248 1953 3303; x_wconf 90' lang='lat' dir='ltr'>deos</span> 
     </span>
     <span class='ocr_line' id='line_1_40' title="bbox 199 3325 1957 3407; baseline -0.005 -20"><span class='ocrx_word' id='word_1_293' title='bbox 199 3331 532 3407; x_wconf 83' lang='lat' dir='ltr'>pertineret</span> <span class='ocrx_word' id='word_1_294' title='bbox 552 3331 980 3406; x_wconf 76' lang='lat' dir='ltr'>praetermissa</span> <span class='ocrx_word' id='word_1_295' title='bbox 1001 3335 1113 3398; x_wconf 88' lang='lat' dir='ltr'>est,</span> <span class='ocrx_word' id='word_1_296' title='bbox 1140 3329 1419 3401; x_wconf 89' lang='lat' dir='ltr'>idemque</span> <span class='ocrx_word' id='word_1_297' title='bbox 1439 3331 1751 3400; x_wconf 88' lang='lat' dir='ltr'>jusserunt</span> <span class='ocrx_word' id='word_1_298' title='bbox 1776 3325 1957 3379; x_wconf 84' lang='lat' dir='ltr'>simu-</span> 
     </span>
    </p>
   </div>
  </div>
 </body>
</html>
