2284 3717
310 98 438 162 198
831 113 905 161 Μ.
936 113 1195 161 TULLII
1246 113 1641 162 CICERONIS

414 269 573 345 quod
603 269 687 326 illi
719 269 929 328 datum
957 276 1053 328 est
1082 269 1224 329 huic
1264 270 1530 329 dandum
1572 288 1705 328 esse
1748 290 1877 329 non
1921 268 2161 331 censet?

414 349 679 424 Majores
707 350 949 425 quidem
987 351 1178 407 nostri
1224 355 1462 407 statuas
1500 351 1709 407 multis
1752 352 2158 421 decreverunt,

414 430 689 504 sepulcra
717 430 941 505 paucis,
1028 429 1148 488 Sed
1178 437 1415 487 statuae
1444 431 1749 487 intereunt
1782 437 2157 507 tempestate,

415 510 495 578 vi,
531 516 851 578 vetustate,
885 510 1293 584 sepulcrorum
1343 516 1547 566 autem
1591 511 1892 567 sanctitas
1935 512 1996 568 in
2039 512 2160 585 ipso

348 592 382 647 5
415 590 544 645 solo
573 596 684 659 est,
716 590 873 665 quod
905 590 1072 646 nulla
1102 590 1163 646 vi
1205 590 1434 646 moveri
1480 607 1669 663 neque
1715 590 1904 646 deleri
1947 595 2157 664 potest,

416 674 614 743 atque,
668 676 735 725 ut
779 675 978 726 cetera
1020 675 1506 743 exstinguuntur,
1550 669 1636 726 sic
1680 670 1958 744 sepulcra
2000 687 2159 726 sanc·

412 749 571 804 tiora
600 747 748 805 fiunt
778 754 1099 806 vetustate.
1189 750 1511 823 Augeatur
1557 749 1747 823 igitur
1780 750 1900 806 isto
1943 748 2158 806 honore

413 828 599 885 etiam
647 827 700 885 is
744 827 852 899 vir,
894 829 988 885 cui
1040 828 1244 885 nullus
1292 828 1482 885 honos
1526 828 1713 885 tribui
1759 847 1882 885 non
1927 829 2161 885 debitus

415 913 654 982 potest;
709 908 868 981 grati
915 909 1106 965 simus
1153 908 1214 963 in
1261 909 1388 982 ejus
1434 914 1626 964 morte
1672 908 2028 978 decoranda,
2072 906 2159 963 cui

314 988 386 1044 10
417 986 643 1043 nullam
675 988 804 1060 Jam
834 986 1014 1044 aliam
1057 988 1320 1061 gratiam
1363 987 1576 1044 referre
1618 1004 1962 1062 possumus,
2043 986 2159 1044 No·

414 1072 577 1123 tetur
620 1067 805 1123 etiam
848 1067 933 1125 M.
981 1066 1237 1124 Antonii
1284 1067 1580 1123 nefarium
1629 1066 1853 1123 bellum
1902 1066 2157 1141 gerentis

416 1146 712 1204 scelerata
742 1146 1028 1204 audacia:
1072 1146 1168 1203 his
1196 1147 1356 1203 enim
1401 1146 1731 1203 honoribus
1776 1145 2004 1203 habitis
2034 1145 2152 1203 Ser.

419 1225 686 1301 Sulpicio
716 1227 1065 1299 repudiatae
1099 1227 1472 1301 rejectaeque
1516 1226 1841 1301 legationis
1872 1227 1949 1283 ab
1993 1226 2157 1283 &nto-

415 1306 516 1362 nio
546 1306 812 1362 manebit
840 1305 1188 1363 testificatio
1219 1307 1592 1383 sempiterna.

314 1385 385 1442 15
499 1386 547 1445 7.
597 1386 766 1458 Quas
815 1385 891 1442 ob
940 1403 1035 1442 res
1086 1386 1175 1443 ita
1217 1403 1469 1443 censeo:
1523 1403 1656 1442 cum
1703 1382 1827 1442 Ser.
1863 1383 2154 1459 Sulpicius

418 1464 488 1537 Q.
526 1463 591 1522 F.
627 1464 922 1521 Lemonia
959 1465 1160 1522 Rufus
1189 1464 1535 1522 difficillimo
1578 1464 1658 1521 rei
1708 1465 1982 1538 publicae
2021 1470 2153 1519 tem-

419 1561 579 1617 pore,
620 1544 794 1619 gravi
841 1544 1294 1619 periculosoque
1341 1545 1550 1601 morbo
1598 1543 1865 1615 affectuS,
1915 1541 2153 1600 auctori-

414 1628 604 1680 tatem
635 1629 900 1694 senatuS,
927 1624 1185 1681 salutem
1215 1624 1299 1681 rei
1330 1624 1605 1698 publicae
1632 1623 1790 1679 vitae
1821 1641 1965 1680 suae
1993 1639 2149 1696 prae-

416 1703 685 1777 posuerit
729 1709 1057 1778 contraque
1103 1704 1226 1761 vim
1270 1704 1755 1778 gravitatemque
1801 1703 1987 1759 morbi
2028 1718 2151 1758 con-

312 1782 387 1839 20
418 1783 694 1851 tenderit,
726 1788 794 1839 ut
821 1783 883 1838 in
916 1790 1118 1840 castra
1150 1783 1233 1840 M.
1270 1783 1544 1852 Antonii,
1578 1799 1697 1857 quo
1735 1796 1983 1839 senatus
2022 1796 2149 1838 eum

417 1863 681 1933 miserat,
725 1863 1083 1937 perveniret,
1136 1864 1324 1938 isque,
1367 1880 1500 1919 cum
1549 1864 1675 1937 jam
1732 1880 1920 1936 prove.
1968 1867 2150 1917 castra

418 1943 703 2010 venisset,
735 1942 792 1997 vi
820 1943 1012 2000 morbi
1037 1959 1360 2018 oppressus
1389 1943 1576 1999 vitam
1604 1941 1865 1998 amiserit
1903 1941 2150 1998 :naximo

418 2022 503 2078 rei
560 2022 838 2097 publicae
894 2027 1183 2096 tempore,
1240 2023 1484 2096 ejusque
1541 2038 1704 2077 mors
1761 2026 2152 2078 consentanea

418 2102 579 2158 vitae
629 2102 809 2158 fuerit
847 2102 1227 2158 sanctissime
1273 2100 1822 2173 honestissimeque
1869 2105 2047 2168 actae,
2092 2099 2150 2153 in

313 2183 386 2239 25
421 2198 539 2254 qua
586 2198 765 2255 saepe
807 2199 1030 2255 magno
1076 2181 1212 2237 usui
1255 2180 1339 2238 rei
1382 2180 1656 2255 publicae
1704 2178 1824 2236 Ser.
1865 2178 2151 2254 Sulpicius

416 2267 478 2316 et
506 2261 782 2335 privatus
811 2267 873 2317 et
903 2261 966 2317 in
995 2260 1458 2333 magistratibus
1490 2259 1697 2316 fuerit:
1735 2277 1873 2316 cum
1903 2259 2038 2317 talis
2066 2256 2151 2312 vir

418 2340 495 2395 ob
524 2358 648 2396 rem
678 2341 981 2416 publicam
1013 2340 1076 2395 in
1105 2340 1408 2414 legatione
1439 2344 1691 2396 mortem
1731 2339 1966 2407 obierit,
1998 2354 2150 2394 sena·

415 2419 509 2475 tui
539 2420 772 2494 placere
799 2420 922 2477 Ser.
952 2419 1220 2494 Sulpicio
1246 2424 1511 2477 statuam
1539 2418 1883 2492 pedestrem
1915 2424 2142 2474 aeneam

417 2497 481 2554 in
511 2499 723 2556 rostris
752 2516 828 2556 ex
858 2499 1037 2573 hujus
1068 2498 1300 2555 ordinis
1344 2497 1647 2554 sententia
1690 2498 1882 2554 statui
1925 2496 2147 2554 circum-

312 2579 388 2636 30
417 2595 532 2651 que
561 2596 696 2635 eam
726 2584 991 2635 statuam
1015 2578 1210 2635 locum
1245 2578 1404 2635 ludis
1433 2577 1997 2652 gladiatoribusque
2025 2574 2147 2630 libe-

417 2674 516 2713 ros
558 2663 952 2733 posterosque
997 2659 1124 2731 ejus
1173 2673 1629 2731 quoquoversus
1672 2656 1860 2730 pedes
1904 2656 2144 2731 quinque

418 2735 654 2807 habere,
690 2737 881 2816 [quod
910 2737 965 2794 is
1007 2738 1082 2794 ob
1110 2754 1236 2793 rem
1264 2736 1565 2812 publicam
1609 2742 1865 2792 mortem
1899 2727 2141 2805 obierit,]

416 2834 669 2891 eamque
707 2834 950 2874 causam
994 2816 1058 2872 in
1099 2816 1233 2873 basi
1261 2815 1543 2889 inscribi3
1587 2815 1796 2889 utique
1840 2815 1906 2874 C.
1943 2814 2139 2877 Pansa,

419 2895 497 2952 A.
530 2895 770 2953 Hirtius
813 2896 1106 2965 consuleS,
1140 2895 1294 2953 alter
1334 2895 1605 2963 ambove,
1639 2894 1689 2951 si
1735 2895 1823 2951 eis
1866 2894 2137 2957 videatur,

312 2979 388 3035 35
417 2975 835 3050 quaestoribus
864 2977 1031 3032 urbis
1061 2975 1375 3048 imperent,
1402 2980 1470 3031 ut
1493 2991 1625 3051 eam
1651 2974 1843 3030 basim
1876 2979 2141 3030 statuam-

418 3073 532 3128 que
563 3054 895 3110 faciendam
921 3059 985 3110 et
1005 3054 1066 3110 in
1091 3053 1301 3110 rostris
1326 3052 1713 3109 statuendam
1740 3054 1953 3121 locent,
1979 3064 2139 3125 quan-

416 3132 581 3202 tique
612 3131 959 3199 locaverint,
990 3136 1225 3187 tantam
1254 3132 1570 3207 pecuniam
1600 3132 1962 3206 redemptori
1993 3125 2138 3186 attri-

417 3206 718 3275 buendam
761 3207 1233 3280 solvendamque
1265 3216 1513 3282 curent3
1556 3228 1812 3285 cumque
1857 3216 2029 3268 antea
2065 3222 2139 3262 se·

421 3287 599 3336 natus
640 3284 1059 3341 auctoritatem
1090 3302 1264 3342 suam
1306 3287 1369 3342 in
1400 3289 1666 3345 virorum
1713 3290 1957 3346 fortium
1998 3288 2137 3344 fune·
