2284 3717
551 184 701 231 PRo
722 183 1045 230 *ARomA
1096 183 1336 230 PoE‘rA
1386 184 1690 235 ORATIO.
1971 168 2052 236 67

178 341 638 416 percipiendam
672 340 1102 416 colendamque
1134 340 1419 399 virtutem
1448 341 1667 399 litteris
1711 342 1953 417 adjuva-

180 428 404 492 rentur,
431 439 775 495 numquam
805 437 868 477 se
899 422 974 478 ad
999 439 1205 478 earum
1235 422 1505 478 studium
1530 424 1945 481 contulissent.

182 502 357 573 Quod
389 504 440 559 si
473 520 600 558 non
640 500 738 557 hic
766 505 972 557 tantus
996 503 1231 558 fructus
1254 502 1675 559 ostenderetur
1701 509 1763 559 et
1794 487 1886 559 si''²
1875 520 1950 560 ex

181 579 275 636 his
298 583 524 639 studiis
545 581 870 648 delectatio
891 581 1018 637 sola
1040 587 1362 653 peteretur,
1385 589 1605 648 tamen,
1629 588 1696 638 ut
1719 583 1946 656 opinor,

180 659 336 718 hanc
368 662 560 718 animi
593 660 1014 716 adversionem
1051 661 1557 717 humanissimam
1601 679 1670 718 ac
1713 662 1948 719 liberal·
2019 664 2054 722 5

179 740 457 798 issimam
479 739 856 814 judicaretis
940 739 1103 796 Nam
1133 747 1366 796 ceterae
1395 759 1587 815 neque
1607 747 1947 815 temporum

181 830 324 877 sunt
368 838 566 895 neque
612 825 883 876 aetatum
927 821 1197 876 omnium
1228 838 1421 894 neque
1451 821 1751 877 locorum:
1799 821 1944 878 haec

182 901 391 957 studia
444 899 917 956 adolescentiam
970 900 1155 967 alunt,
1201 906 1574 956 senectutem
1625 901 1946 971 oblectant,

183 981 487 1036 secundas
518 996 613 1035 res
643 984 875 1047 ornant,
903 979 1174 1036 adversis
1202 979 1549 1053 perfugium
1575 998 1643 1036 ac
1662 980 1948 1037 solatium

180 1061 499 1133 praebent,
532 1059 834 1115 delectant
877 1059 1059 1128 domi,
1092 1076 1212 1115 non
1253 1059 1593 1133 impediunt
1634 1059 1793 1130 foriS,
1825 1076 1952 1134 per-
1981 1061 2054 1119 10

186 1145 438 1196 noctant
479 1138 809 1206 nobiscum,
841 1139 1318 1213 peregrinantur,
1351 1140 1735 1195 rust-icantur.

264 1222 315 1277 8.
366 1219 548 1291 Quod
580 1218 631 1273 si
661 1217 777 1291 ipsi
809 1218 957 1274 haec
985 1236 1177 1293 neque
1208 1218 1506 1292 attingere
1541 1236 1733 1293 neque
1765 1235 1949 1275 sensu

181 1304 395 1355 nostro
456 1304 703 1371 gustare
756 1313 1089 1370 possemuS‚
1134 1303 1341 1354 tamen
1397 1315 1470 1354 ea
1524 1298 1727 1354 mirari
1773 1298 1949 1355 debe-

178 1395 407 1447 remuS,
456 1377 641 1433 etiam
699 1394 835 1432 cum
879 1376 942 1432 in
999 1376 1136 1435 aliis
1183 1377 1536 1436 videremus
1643 1377 1794 1451 Quis
1849 1395 1951 1434 no-
2065 1421 2100 1447 t

178 1464 383 1514 strum
433 1461 561 1513 tam
610 1456 811 1513 animo
863 1456 1088 1530 agresti
1140 1474 1209 1514 ac
1251 1458 1401 1513 duro
1445 1457 1573 1525 fuit,
1614 1464 1685 1513 ut
1735 1456 1944 1514 Roscii
1977 1455 2088 1517 15⁴

176 1544 382 1594 morte
426 1553 617 1609 nuper
662 1551 783 1591 non
832 1534 1358 1593 commoveretur?
1444 1536 1563 1609 Qui
1603 1553 1742 1593 cum
1783 1543 1945 1594 esset

176 1633 372 1673 senex
399 1622 690 1683 mortuuS,
722 1620 933 1671 tamen·
955 1621 1203 1690 propter
1235 1615 1623 1673 excellentem
1655 1622 1845 1672 artem
1876 1633 1944 1673 ac

176 1700 574 1753 venustatem
618 1694 941 1750 videbatur
985 1695 1229 1752 omnino
1276 1696 1428 1752 mori
1479 1712 1600 1751 non
1643 1696 1939 1753 debuisse.

176 1775 349 1850 Ergo
395 1774 495 1831 ille
525 1775 791 1847 corporis
834 1779 1002 1830 motu
1032 1779 1268 1831 tantum
1315 1792 1578 1832 amorem
1608 1775 1726 1831 sibi
1755 1775 1945 1833 conci-

176 1854 359 1912 liarat
392 1872 426 1910 a
453 1853 630 1911 nobis
672 1853 987 1910 omnibus:
1031 1871 1143 1910 nos
1182 1854 1517 1911 animorum
1561 1854 1941 1911 incredibiles
1973 1856 2048 1913 20

178 1942 388 1992 motus
410 1933 897 2007 celeritatemque
919 1932 1301 2006 ingeniorum
1321 1933 1740 2008 negligemus?
1787 1934 1944 2006 Quo·

181 2014 298 2071 ties
345 2032 462 2088 ego
518 2012 679 2075 hunc
720 2012 1015 2069 Archiam
1059 2012 1203 2082 vidi,
1253 2013 1739 2086 judiceS,—-utar
1781 2014 1942 2070 enim

177 2099 392 2150 vestra
419 2092 813 2166 benignitate,
841 2092 1122 2167 quoniam
1167 2110 1261 2148 me
1292 2093 1355 2148 in
1396 2094 1508 2150 hoc
1538 2110 1695 2149 novo
1726 2110 1942 2166 genere

176 2173 424 2230 dicendi
480 2178 609 2228 tam
663 2171 987 2245 diligenter
1042 2172 1467 2242 attenditis—,
1526 2173 1765 2246 quoties
1826 2190 1940 2246 ego

178 2252 343 2309 hunc
366 2252 509 2322 vidi,
536 2269 670 2308 cum
700 2251 965 2307 litteram
998 2252 1343 2325 scripsisset
1375 2251 1617 2322 nullam,
1651 2270 1940 2326 magnum
1971 2253 2045 2309 25

174 2348 499 2389 numerum
548 2330 909 2404 optimorum
958 2348 1244 2387 versuum
1288 2331 1362 2387 de
1411 2331 1500 2387 eis
1543 2330 1689 2405 ipsis
1738 2331 1937 2402 rebUS,

173 2430 332 2486 quae
381 2417 512 2468 tum
561 2415 901 2484 agerentur,
939 2409 1132 2467 dicere
1179 2428 1253 2467 ex
1295 2409 1601 2485 tempore!
1687 2411 1940 2484 Quoties

171 2496 528 2548 revocatum
571 2489 824 2546 eandem
880 2507 1005 2545 rem
1053 2490 1248 2546 dicere
1298 2490 1686 2546 commutatis
1733 2492 1935 2547 verbis

171 2579 360 2646 atque
403 2568 755 2627 sententiis!
842 2569 1012 2641 Quae
1050 2587 1193 2625 vero
1235 2576 1509 2627 accurate
1556 2570 1939 2644 cogitateque

171 2650 538 2725 scripsisset,
571 2667 644 2705 ea
674 2649 759 2705 sic
788 2648 914 2704 vidi
942 2648 1200 2723 probari,
1233 2655 1301 2705 ut
1340 2649 1414 2706 ad
1448 2656 1716 2707 veterum
1760 2650 1939 2723 scrip·
1968 2650 2044 2706 30

171 2737 379 2788 torum
423 2729 670 2785 laudem
699 2728 1056 2802 perveniret.
1136 2727 1328 2785 »Hunc
1359 2746 1472 2802 ego
1517 2746 1636 2786 non
1667 2729 1936 2802 diligam,

176 2828 303 2867 non
327 2808 607 2876 admirer,
633 2825 753 2863 non
775 2807 940 2863 omni
966 2806 1197 2864 ratione
1222 2808 1661 2864 defendendum
1689 2806 1937 2883 putem?

178 2889 395 2964 Atque
425 2887 513 2945 sic
545 2905 581 2943 a
609 2887 858 2942 summis
902 2887 1247 2944 hominibus
1277 2887 1819 2961 eruditissimisque
1851 2905 1942 2943 ac-

180 2967 476 3043 cepimUS,
503 2971 833 3023 ceterarum
857 2984 1054 3023 rerum
1086 2967 1289 3022 studia
1310 2973 1370 3023 et
1393 2967 1664 3024 doctrina
1693 2975 1753 3023 et
1775 2985 1941 3041 prae-

178 3049 377 3124 ceptis
416 3053 481 3104 et
527 3052 654 3102 arte
685 3051 992 3118 constare3
1037 3048 1278 3119 poetam
1322 3054 1538 3102 natura
1577 3047 1708 3120 ipsa
1738 3046 1936 3102 valere
1968 3041 2042 3097 35

178 3127 513 3188 cementis
544 3125 774 3182 viribus
818 3126 1067 3181 excitari
1109 3130 1172 3180 et
1213 3126 1385 3199 quasi
1422 3125 1629 3181 divino
1672 3126 1936 3197 quodam

216 3209 225 3218 “
312 3205 405 3268 ‘tn
438 3204 657 3262 inflari.
745 3204 942 3276 Quare
990 3222 1100 3261 suo
1135 3205 1269 3277 jure
1310 3212 1516 3261 noster
1556 3205 1655 3259 ille
1701 3203 1936 3257 Ennius

154 3203 426 3376 *aa*
470 3284 738 3359 appellat
775 3287 1002 3357 poetas,
1036 3284 1194 3357 quod
1238 3285 1413 3357 quasi
1443 3284 1688 3339 deorum
1734 3281 1936 3351 aliquo

164 3363 355 3430 *mv
392 3369 579 3440 atque
629 3380 875 3420 munere
921 3362 1327 3420 commendati
1373 3361 1549 3418 nobis
1603 3373 1736 3412 esse
1776 3357 1938 3411 vide-
