2284 3717
226 108 355 172 208
751 125 827 174 Η.
859 124 1117 173 ‘runnu
1168 127 1561 174 CICERoms

330 280 535 350 fuisse,
583 281 686 356 qui
736 282 1125 357 quamobrem
1182 290 1626 340 arcesserentur
1680 302 1822 342 cum
1872 286 2087 344 intelli·

328 368 558 433 gerent,
602 378 720 418 non
770 363 1025 420 venisse.
1111 363 1353 420 Interea
1396 363 1641 420 comitia
1686 370 1915 434 nostra,
1947 384 2088 440 quo-

331 456 460 496 rum
506 441 623 497 iste
669 458 752 510 se,
811 448 875 498 ut
919 448 1252 500 ceterorum
1313 442 1425 500 hoc
1469 460 1627 499 anno
1684 445 2082 515 comitiorum,

328 518 641 576 dominum
700 539 833 578 5555
890 522 1313 592 arbitrabatur,
1374 521 1581 579 haberi
1638 534 1856 597 coepta
1919 532 2075 581 sunt.

261 599 297 655 5
331 597 588 656 Cursare
630 601 745 656 iste
783 600 959 658 homo
1003 610 1218 677 potens
1264 620 1400 659 cum
1440 601 1559 658 filio
1587 601 1811 660 blando
1851 609 1915 659 et
1941 621 2076 677 gra-

325 677 484 734 tioso
514 679 737 736 circum
776 681 1005 741 tribus:
1051 690 1337 758 paternos
1373 682 1617 751 amicOS,
1649 681 1764 739 hoc
1793 688 1904 750 est,
1937 683 2083 738 divi-

329 774 496 814 sores
552 760 850 834 appellare
907 779 1115 818 omncs
1172 768 1234 818 et
1289 762 1644 818 convenire:
1726 763 1890 835 quod
1946 780 2102 818 cum·

326 843 489 894 essct
555 839 928 896 intellectum
985 847 1046 897 et
1102 842 1606 910 animadversum,
1666 840 1812 898 fecit
1883 841 2078 897 animo

328 916 728 975 libentissimo
757 921 1018 994 populus
1051 922 1385 990 Romanus,
1408 927 1475 977 ut
1503 922 1672 993 cujus
1705 920 1959 977 divitiae
1990 938 2080 978 me

226 995 298 1051 10
328 996 400 1053 de
449 998 560 1054 fide
596 999 885 1056 deducere
933 1017 1052 1057 non
1091 1001 1451 1075 potuissent,
1483 1017 1558 1056 ne
1593 999 1865 1073 ejusdem
1912 1018 2082 1074 pecu·

330 1076 431 1132 nia
455 1077 527 1133 de
553 1075 777 1136 honore
807 1080 1107 1152 dejicerer.
1196 1080 1420 1137 Postea
1443 1097 1635 1169 quam·
1645 1079 1750 1161 illp
1770 1079 2079 1153 petitionis

327 1173 555 1229 magna
583 1175 728 1214 cura
758 1159 1048 1216 liberatus
1077 1177 1228 1228 sum,
1246 1160 1445 1216 animo
1469 1158 1639 1232 coepi
1669 1159 1865 1214 multo
1886 1159 2080 1233 magis

328 1253 518 1292 vacuo
550 1254 618 1294 ac
647 1239 846 1294 soluto
876 1239 1024 1295 nihil
1065 1205 1229 1295 aliud
1263 1239 1381 1295 nisi
1425 1238 1498 1295 de
1518 1237 1748 1328 judicio
1794 1255 1979 1312 agere
2022 1245 2082 1294 et

327 1315 607 1389 cogitare.
715 1318 995 1392 Reperio,
1019 1319 1270 1392 judiceS,
1304 1317 1453 1375 haec
1508 1318 1585 1373 ab
1626 1317 1764 1373 istis
1824 1317 2081 1374 consilia

226 1392 298 1448 15
329 1395 481 1451 inita
527 1402 589 1452 et
633 1398 981 1468 constituta,
1030 1405 1114 1468 ut,
1153 1414 1526 1473 quacumque
1572 1402 1784 1470 posset
1831 1396 2078 1468 ratione,

327 1491 425 1530 res
454 1474 541 1531 ita
569 1477 902 1546 duceretur,
937 1483 1003 1534 ut
1049 1478 1211 1552 apud
1257 1476 1341 1534 M.
1376 1476 1695 1534 Metellum
1738 1485 2081 1549 praetorem

327 1572 509 1610 causa
531 1555 862 1629 diceretur3
898 1557 959 1613 in
988 1574 1058 1614 eo
1088 1575 1221 1613 esse
1252 1556 1402 1613 haec
1430 1555 1781 1613 commoda:
1814 1555 2079 1630 primum

328 1632 412 1689 M.
442 1633 756 1692 Metellum
789 1636 1238 1704 amicissimum,
1260 1636 1478 1693 deinde
1509 1634 1918 1692 Hortensium
1948 1653 2081 1693 con·

329 1713 521 1769 sulem
552 1731 671 1770 non
702 1716 915 1785 solum,
938 1716 1043 1772 sed
1070 1715 1289 1772 *etiam
1318 1715 1387 1787 Q.
1411 1714 1743 1784 Metellum,
1769 1714 1875 1788 qui
1899 1732 2079 1789 quam

223 1793 298 1849 20
328 1791 429 1848 isti
461 1792 543 1850 sit
574 1795 802 1851 amicus
832 1796 1159 1853 attendite:
1200 1794 1369 1852 dedit
1397 1794 1555 1851 enim
1585 1796 2079 1868 praerogativam

329 1888 476 1928 suae
509 1874 841 1931 voluntatis
869 1877 997 1948 ejus
1036 1875 1215 1943 modi,
1248 1879 1316 1930 ut
1350 1873 1454 1930 isti
1487 1891 1595 1948 pro
1634 1872 2078 1947 praerogativis

326 1969 459 2007 eam
506 1954 841 2021 reddidisse
891 1954 1201 2025 videatur3
1249 1971 1328 2009 an
1373 1970 1467 2009 me
1512 1953 1845 2009 taciturum
1890 1953 2079 2009 tantis

328 2031 401 2087 de
432 2032 610 2089 rebus
639 2034 1101 2091 existimavistis
1129 2038 1193 2089 et
1221 2051 1316 2089 me
1351 2032 1413 2089 in
1456 2037 1627 2089 tanto
1668 2031 1753 2087 rei
1798 2032 2078 2107 publicae

327 2111 913 2188 existimationisque
959 2130 1128 2169 meae
1186 2111 1449 2187 periculo
1504 2111 1786 2185 cuiquam
1844 2111 2081 2168 consul-

223 2193 296 2248 25
327 2196 530 2246 turum
559 2193 761 2266 potius
797 2211 977 2268 quam
1015 2191 1206 2248 officio
1237 2198 1298 2248 et
1328 2189 1616 2264 dignitati
1662 2189 1881 2247 meae?
1968 2191 2082 2248 Ar·

328 2271 513 2327 cessit
542 2272 696 2328 alter
724 2272 934 2330 consul
964 2272 1323 2345 designatus
1345 2269 1613 2343 Siculos;
1645 2269 1903 2327 veniunt
1936 2287 2080 2327 non-

330 2349 494 2419 nulli,
531 2358 849 2425 propterea
892 2352 1050 2426 quod
1085 2351 1155 2407 L.
1188 2349 1474 2406 Metellus
1517 2354 1681 2405 esset·
1724 2355 1970 2421 praetor
2015 2350 2081 2405 in

331 2427 571 2487 Sicilia:
631 2448 766 2487 cum
818 2432 912 2488 his
957 2431 1044 2487 ita
1087 2430 1385 2505 loquitur:
1433 2446 1498 2486 se
1543 2427 1854 2485 consulem
1901 2445 2078 2501 esse;

329 2508 574 2566 fratrem
605 2528 781 2567 suum
812 2511 1065 2567 alterum
1095 2510 1362 2567 Siciliam
1385 2507 1759 2582 provinciam
1781 2508 2075 2576 obtinere,

222 2590 298 2645 30
329 2589 583 2645 alterum
616 2607 749 2646 5555
796 2591 1212 2665 quaesiturum
1257 2589 1330 2644 de
1374 2586 1645 2663 pecuniis
1686 2587 2078 2660 repetundis3

331 2667 506 2724 Verri
544 2687 615 2725 ne
652 2670 851 2726 noceri
888 2670 1082 2745 possit
1125 2667 1335 2724 multis
1374 2666 1714 2723 rationibus
1760 2682 1898 2722 esse
1948 2683 2080 2740 pro-

329 2765 544 2806 visum.

415 2829 500 2885 10.
537 2828 696 2899 Quid
741 2832 851 2895 est,
898 2845 1136 2902 quaeso,
1185 2825 1445 2893 Metelle,
1473 2822 1766 2897 judicium
1813 2841 2077 2880 corrum-

330 2923 486 2979 pere,
532 2907 582 2962 si
626 2906 737 2963 hoc
784 2925 903 2963 non
948 2906 1085 2964 est?
1171 2905 1401 2973 TestcS,
1432 2902 1790 2977 praesertim·
1838 2902 2077 2960 Siculos

225 2986 299 3040 35
330 2985 577 3041 timidos
610 2985 884 3042 homines
913 2992 974 3043 et
1004 2986 1270 3053 afflictOS‚
1305 3001 1422 3039 non
1466 2983 1660 3038 solum
1705 2983 2075 3039 auctoritate

331 3063 644 3130 deterrere,
666 3065 772 3118 sed
801 3065 983 3119 etiam
1008 3063 1306 3120 consulari
1337 3068 1501 3117 metu
1532 3068 1593 3117 et
1621 3060 1880 3117 duorum
1910 3078 2078 3136 prae·

329 3142 528 3191 torum
585 3138 933 3210 potestate?
1048 3142 1209 3212 Quid
1278 3142 1504 3197 faceres
1573 3156 1680 3212 pro
1754 3138 2075 3196 innocente

334 3212 572 3268 homine
603 3221 664 3270 et
692 3218 1043 3290 propinquo,
1076 3236 1211 3273 cum
1253 3224 1497 3292 propter
1537 3216 1840 3273 hominem
1889 3219 2079 3291 perdi-

330 3287 630 3343 tissimum
661 3300 842 3363 atque
881 3294 1314 3351 alienissimum
1344 3296 1417 3352 de
1448 3296 1636 3352 officio
1666 3313 1738 3352 ac
1768 3296 2090 3372 dignitate,
