2284 3717
579 123 731 170 PRO
782 120 1078 170 ARCHIA
1130 120 1373 169 Pomm
1425 121 1727 170 ORATIO.
2009 107 2092 173 69

215 283 454 353 vatam3
504 286 727 337 nostra
769 296 1008 353 semper
1053 279 1278 336 feretur
1321 284 1382 336 et
1423 279 1871 354 praedicabitur
1912 279 1999 338 In

219 356 469 417 Lucullo
501 360 856 428 dimicante,
882 377 1017 416 cum
1046 359 1379 416 interfectis
1410 359 1667 417 ducibus
1696 360 1986 434 depressa

213 435 482 496 hostium
515 440 737 516 classis
766 445 829 496 et
851 439 1217 496 incredibilis
1246 440 1406 512 apud
1435 438 1747 497 Tenedum
1776 457 1985 514 pugna

221 516 321 573 illa
343 520 583 576 navalis
604 540 620 591 3
651 524 864 575 nostra
886 525 1029 575 sunt
1050 525 1314 593 tropaea,
1336 524 1545 576 nostra
1573 527 1981 590 monumenta,

222 600 407 655 nostri
452 597 792 671 triumphi3
836 616 987 675 quae
1031 615 1285 671 quorum
1329 598 1593 672 ingeniis
1638 599 1981 668 efferuntur,
2052 601 2089 658 5

224 676 294 732 ab
321 678 668 753 eis-populi
712 677 979 734 Romani
1018 678 1181 733 fama
1210 678 1560 735 celebratur.
1649 678 1841 737 Carus
1872 679 1985 736 fuit

221 743 514 814 Afric‘ano
564 757 861 831 superiori
903 763 1110 814 noster
1153 757 1402 825 Ennius
1444 757 1648 833 itaque
1694 758 1879 814 etiam
1921 759 1985 815 in

222 837 496 910 sepulcro
545 836 902 911 Scipionum
943 842 1197 911 putatur
1235 836 1289 893 is
1331 854 1465 893 esse
1508 838 1875 894 constitutus
1912 854 1988 894 ex

220 931 514 973 marmore
541 936 556 989 3
602 925 668 972 at
697 916 787 972 eis
817 916 1099 993 laudibus
1128 922 1288 973 certe
1319 934 1440 973 non
1484 917 1681 974 solum
1722 917 1851 991 ipse
1882 917 1985 992 qui

220 992 526 1066 laudatur,
561 996 667 1052 sed
711 995 899 1052 etiam
928 995 1138 1071 populi
1169 996 1432 1074 Romani
1469 1014 1689 1053 nomen
1720 1003 1982 1055 ornatur.
2019 1000 2091 1056 10

221 1074 294 1130 In
341 1076 584 1133 caelum
635 1076 817 1149 hujus
870 1092 1135 1149 proavus
1190 1074 1345 1132 Cato
1394 1075 1659 1133 tollitur:
1725 1069 1987 1150 magnus

221 1152 412 1213 honos
473 1154 683 1229 populi
743 1155 1010 1211 Romani
1064 1154 1247 1212 rebus
1304 1155 1669 1229 adjungitur.
1758 1154 1985 1213 Omnes

220 1233 483 1309 denique
512 1234 600 1290 illi
633 1233 908 1304 Maximi,
941 1234 1235 1304 Marcelli,
1274 1234 1480 1291 Fulvii
1508 1253 1631 1292 non
1671 1234 1801 1292 sine
1832 1253 1988 1292 com-

220 1314 385 1371 muni
418 1313 692 1370 omnium
723 1323 998 1370 nostrum
1030 1314 1208 1371 laude
1239 1314 1642 1372 decorantur„

299 1397 389 1452 10.
442 1392 610 1467 Ergo
642 1392 827 1464 illum,
860 1393 960 1468 qui
1004 1392 1150 1450 haec
1179 1394 1415 1464 fecerat,
1448 1394 1765 1451 Rudinum
1799 1391 1987 1451 homi—
2019 1395 2090 1452 15

218 1490 371 1544 nem,
423 1474 687 1547 majores
732 1473 924 1529 nostri
963 1472 1028 1528 in
1068 1472 1381 1530 civitatem
1426 1478 1817 1549 receperunt3
1872 1490 1985 1530 nos

219 1551 378 1611 hunc
429 1551 904 1623 Heracliensem,
950 1552 1160 1609 multis
1218 1552 1574 1610 civitatibus
1630 1553 1982 1627 expetitum,

221 1631 282 1688 in
311 1632 432 1689 hac
464 1638 670 1688 autem
699 1631 935 1706 legibus
957 1632 1373 1704 constitutum,
1395 1633 1470 1690 de
1501 1638 1710 1690 nostra
1737 1632 1983 1690 civitate

220 1712 532 1786 ejiciemus
552 1709 577 1768 ἲ

297 1791 464 1848 Nam
506 1790 558 1847 si
601 1789 737 1864 quis
782 1789 1078 1847 minorem
1121 1789 1350 1866 gloriae
1397 1791 1661 1848 fructum
1706 1796 1883 1866 putat
1910 1809 1986 1849 ex
2015 1794 2091 1850 20

223 1869 473 1928 Graecis
502 1870 780 1927 versibus
808 1870 1033 1945 percipi
1063 1888 1243 1945 quam
1273 1889 1347 1927 ex
1378 1871 1635 1948 Latinis,
1668 1870 1986 1928 vehemen-

220 1956 312 2007 ter
339 1956 521 2020 errat,
552 1955 872 2024 propterea
901 1950 1062 2024 quod
1095 1949 1326 2016 Graeca
1366 1950 1651 2024 leguntur
1692 1951 1753 2007 in
1797 1951 1985 2008 omni-

219 2029 334 2086 bus
365 2030 488 2086 fere
518 2029 820 2103 gentibuS,
849 2029 1075 2086 Latina
1115 2029 1242 2086 suis
1286 2029 1519 2099 finibus,
1551 2030 1788 2103 exiguis
1818 2048 1982 2100 sane,

222 2110 623 2166 continentur.
711 2109 910 2181 Quare
934 2109 987 2165 si
1017 2125 1112 2165 res
1141 2126 1265 2177 eae,
1290 2127 1441 2183 quas
1470 2110 1790 2183 gessimus,
1823 2110 1984 2167 orbis

220 2194 417 2246 terrae
462 2188 813 2262 regionibus
854 2188 1237 2257 definiuntur,
1270 2206 1484 2263 cupere
1529 2190 1833 2258 debemuS,
1864 2206 1983 2265 quo
2014 2189 2088 2246 25

221 2286 514 2325 manuum
548 2273 892 2325 nostrarum
913 2268 1036 2324 tela
1057 2269 1462 2342 pervenerint,
1486 2269 1695 2339 eodem
1726 2269 1984 2342 gloriam

132 2409 141 2414 ,
222 2349 569 2421 famamque
589 2352 920 2426 penetrare,
947 2347 1108 2422 quod
1132 2364 1270 2403 cum
1300 2347 1447 2422 ipsis
1471 2349 1722 2421 populiS,
1747 2349 1821 2405 de
1846 2365 1989 2424 quo·

196 2425 199 2428 ’
223 2445 352 2483 rum
383 2428 568 2484 rebus
597 2426 895 2496 scribitur,
928 2426 1078 2484 haec
1108 2426 1310 2500 ampla
1338 2432 1497 2496 sunt,
1528 2433 1659 2484 tum
1688 2428 1776 2484 eis
1806 2435 1983 2498 certe,

223 2508 325 2581 qui
354 2508 429 2565 de
456 2506 596 2580 vita·
616 2506 842 2580 gloriae
873 2523 1057 2562 causa
1087 2506 1394 2577 dimicant,
1422 2506 1534 2563 hoc
1563 2507 1894 2563 maximum
1924 2512 1986 2564 et

224 2586 633 2661 periculorum
673 2584 1131 2642 incitamentum
1175 2591 1270 2641 est
1309 2591 1373 2643 et
1413 2586 1703 2643 laborum.
1791 2587 1987 2659 Quam
2018 2584 2093 2641 30

227 2666 456 2723 multos
499 2662 823 2739 s‘criptores
865 2682 1065 2721 rerum
1108 2681 1353 2721 suarum
1386 2682 1649 2738 magnus
1677 2665 1777 2722 ille
1808 2665 1989 2723 Alex-

230 2747 412 2803 ander
464 2761 669 2800 secum
720 2742 1005 2800 habuisse
1057 2743 1305 2801 diciturl
1390 2743 1596 2818 Atque
1653 2745 1707 2801 is
1761 2749 1986 2814 tamen,

231 2842 364 2882 cum
409 2824 473 2880 in
521 2822 706 2894 Sigeo
749 2823 827 2880 ad
858 2822 1115 2880 Achillis
1147 2822 1446 2879 tumulum
1479 2824 1853 2881 adstitisset:
1899 2828 1912 2853 ‘
1935 2822 1987 2881 O

230 2903 566 2961 fortunate'
606 2903 803 2976 inquit
842 2902 1235 2971 ‘adolescenS,
1268 2902 1371 2977 qui
1407 2907 1548 2959 tuae
1580 2903 1823 2959 virtutis
1867 2902 1993 2959 Ho-

230 2999 458 3042 merum
489 2999 845 3057 praeconem
871 2980 1238 3039 invenerisl'
1321 2982 1404 3037 Et
1438 2998 1593 3040 vere.
1619 2981 1738 3067 VN
1745 3000 1840 3038 am
1876 2980 1992 3037 nisi
2022 2974 2096 3033 35

231 3063 386 3120 Ilias
415 3062 523 3117 illa
551 3060 904 3129 exstitisset,
936 3061 1096 3117 idem
1139 3060 1428 3130 tumulus,
1462 3062 1563 3134 qui
1608 3077 1824 3134 corpus
1865 3061 1994 3131 ejus

230 3144 605 3208 contexerat,
638 3157 855 3195 nomen
888 3140 1072 3196 etiam
1104 3139 1419 3197 obruisset.
1552 3137 1699 3195 uid?
1770 3136 1997 3192 Noster

232 3219 336 3280 hic
366 3220 658 3293 Magnus,
688 3218 790 3292 qui
828 3235 965 3274 cum
994 3219 1221 3275 virtute
1265 3219 1425 3274 fortu
1471 3235 1569 3273 am
1612 3214 1994 3284 adaequavit,

228 3316 437 3360 nonne
468 3297 903 3371 Theophanem
933 3296 1396 3375 Mytilenaeum,
1423 3294 1773 3365 scriptorem
1793 3304 1994 3343 rerum
