2284 3717
539 172 690 219 Psso
745 172 940 218 REGE
992 171 1376 218 nmorARo
1426 171 1729 218 ORATIO.
1949 156 2071 220 151

191 329 311 388 rius
355 349 484 388 non
529 329 799 387 videbat.
903 328 1057 401 Quis
1102 328 1537 386 consideratior
1580 325 1729 385 illo?
1815 328 1970 401 Quis

193 409 455 468 tectior?
547 410 707 482 Quis
757 406 1154 483 prudentior?
1240 409 1623 484 Quamquam
1670 408 1782 465 hoc
1837 407 1969 464 loco

196 489 559 548 Deiotarum
590 507 715 546 non
745 495 870 544 tam
913 488 1158 561 ingenio
1193 494 1256 544 et
1297 489 1617 563 prudentia
1645 505 1825 563 quam
1857 487 1968 545 fide

193 577 253 625 et
283 572 581 644 religione
614 570 782 625 vitae
814 567 1257 624 defendendum
1287 575 1451 642 puto.
1538 568 1706 625 Nota
1736 567 1847 623 tibi
1874 573 1970 625 est

196 646 466 707 hominis
509 648 805 724 probitaS‚
834 647 900 705 O.
937 647 1182 717 Caesar,
1229 648 1359 703 noti
1402 665 1615 716 mores
1650 653 1795 704 nota
1837 664 1972 704 con·
2037 647 2074 705 5

196 731 445 786 stantia.
536 729 655 786 Cui
701 744 896 801 porr0,
937 727 1039 801 qui
1085 727 1266 783 modo
1310 728 1517 802 populi
1561 727 1829 784 Romani
1869 744 1974 784 no-

195 825 330 866 men
369 808 627 877 audivit,
684 807 957 864 Deiotari
1015 806 1355 880 integritas,
1405 807 1698 881 gravitaS,
1751 807 1966 876 virtue,

197 888 344 946 fides
390 906 513 945 non
557 887 774 944 audita
815 884 953 943 est?
1040 886 1219 959 Quod
1262 886 1452 960 igitur
1492 886 1725 944 facinus
1765 886 1969 943 necin

197 967 505 1028 hominem
539 966 986 1041 imprudentem
1011 966 1257 1022 caderet
1278 974 1522 1041 propter
1547 972 1775 1023 metum
1804 983 1971 1040 prae-

196 1049 393 1105 sentis
450 1047 637 1116 exitii,
683 1063 795 1102 nec
850 1046 912 1102 in
954 1045 1379 1115 facinorosum,
1425 1046 1543 1102 nisi
1599 1053 1763 1103 esset
1791 1046 1965 1102 idem
1999 1046 2072 1103 10

198 1127 679 1196 amentissimuS,
713 1126 776 1182 id
806 1143 917 1181 vos
948 1131 1010 1182 et
1046 1142 1082 1181 a
1112 1126 1242 1182 viro
1272 1126 1501 1200 optimo
1529 1130 1591 1182 et
1622 1125 1703 1194 ab!
1728 1125 1968 1182 homine

197 1209 450 1263 minime
481 1206 669 1262 stulto
696 1205 1031 1279 cogitatum
1059 1222 1195 1262 esse
1219 1203 1609 1279 confingitis?
1670 1206 1759 1264 At
1787 1223 1968 1280 quam

197 1304 320 1344 non
373 1286 554 1342 modo
604 1302 727 1341 non
777 1284 1158 1353 credibiliter,
1201 1285 1307 1341 sed
1350 1303 1424 1341 ne
1469 1285 1804 1359 suspiciose
1848 1285 1970 1359 qui·

199 1364 376 1423 demi
464 1365 638 1434 Cum,
671 1364 886 1439 inquit,
919 1364 981 1419 in
1023 1364 1339 1421 castellum
1383 1364 1663 1421 Blucium
1696 1364 1968 1421 venisses

199 1452 261 1503 et
290 1447 541 1504 domum
573 1444 756 1519 regiS,
789 1443 1049 1518 hospitis
1076 1444 1188 1514 tui,
1221 1444 1604 1512 devertisseS‚
1636 1444 1807 1500 locus
1839 1449 1971 1501 erat
2002 1443 2072 1499 15

202 1527 472 1601 quidam,
505 1524 570 1580 in
611 1540 733 1599 quo
776 1530 948 1580 erant
989 1541 1062 1580 ea
1106 1524 1458 1599 composita,
1504 1524 1721 1598 quibus
1763 1528 1823 1580 te
1867 1540 1972 1580 rex

201 1604 509 1662 munerari
541 1604 976 1660 constituerat:
1024 1602 1141 1660 huc
1170 1609 1230 1660 te
1261 1622 1293 1660 e
1326 1603 1554 1673 balneo,
1586 1603 1755 1678 prius
1785 1620 1970 1678 quam

204 1685 619 1752 accumberesr
638 1683 854 1739 ducere
888 1681 1168 1755 volebat3
1209 1693 1382 1739 erant
1411 1685 1569 1739 e'nim
1601 1684 1834 1753 armati,
1868 1682 1967 1758 qui

204 1770 264 1822 te
310 1765 732 1832 interficerent,
764 1763 826 1819 in
867 1779 939 1819 eo
986 1763 1119 1837 ipso
1168 1762 1299 1820 loco
1343 1763 1631 1820 collocati.
1720 1763 1817 1820 En
1864 1763 1970 1820 cri-

204 1862 359 1912 men,
393 1861 469 1901 en
515 1860 717 1912 causa,
754 1859 859 1898 cur
903 1859 1107 1916 regem
1154 1842 1466 1916 fugitivuS,
1499 1843 1805 1900 dominum
1853 1859 1971 1900 ser·
2001 1841 2076 1898 20

208 1941 321 1981 vus
365 1931 624 1980 accuset.
712 1922 847 1995 Ego
876 1939 970 1978 me
1007 1922 1298 1991 herculeS,
1333 1921 1575 1992 Caesar,
1609 1923 1799 1990 initio,
1831 1940 1968 1979 cuin

206 2012 300 2060 est
335 2004 414 2060 ad
460 2021 555 2059 me
600 2002 723 2058 ista
766 2017 950 2058 causa
984 2001 1200 2072 delata,
1237 2001 1607 2076 Phidippum
1649 2002 1967 2072 medicum,

207 2099 450 2140 servum
493 2082 749 2156 regium,
793 2081 896 2155 qul
941 2098 1076 2138 cum
1120 2080 1341 2155 legatis
1397 2083 1623 2138 missus
1666 2087 1846 2151 esset,
1892 2082 1968 2138 ab

207 2162 322 2220 isto
355 2162 739 2219 adolescente
770 2177 902 2217 esse
932 2167 1299 2235 corruptum,
1323 2160 1437 2218 hac
1461 2178 1596 2217 sum
1626 2161 1967 2236 suspicione

206 2258 566 2316 percussus:
611 2240 911 2297 medicum
941 2240 1197 2297 indicem
1230 2241 1587 2297 subornavit
1612 2260 1627 2314 ;
1670 2241 1856 2315 finget
1885 2240 1969 2298 vi·
1998 2241 2072 2297 25

211 2322 424 2379 delicet
449 2320 695 2395 aliquod
719 2320 947 2399 crimen
971 2320 1202 2377 veneni.
1263 2320 1403 2376 Etsi
1426 2338 1463 2376 a
1488 2320 1743 2378 veritate
1767 2322 1964 2395 longe,

188 2406 411 2472 ‚tamen
456 2418 494 2457 a
527 2400 963 2457 consuetudine
1006 2400 1363 2456 criminandi
1408 2418 1527 2456 non
1570 2401 1830 2457 multum
1872 2417 1969 2457 res

211 2480 585 2538 abhorrebat.
672 2479 833 2552 Quid
877 2480 961 2535 ait
1003 2478 1317 2537 medicus?
1405 2479 1573 2536 Nihil
1612 2480 1685 2537 de
1715 2497 1964 2538 veneno,

213 2560 295 2617 At
339 2562 401 2618 id
448 2560 575 2615 fieri
620 2558 822 2632 potuit
864 2559 1120 2632 primum
1169 2559 1463 2615 occultius
1505 2559 1568 2615 in
1609 2562 1873 2634 potione,
1904 2560 1967 2616 in

213 2640 376 2714 cibo;
450 2639 669 2696 deinde
726 2638 1273 2711 etiamstmpunius
1332 2638 1411 2708 fit,
1464 2639 1625 2714 quod
1683 2657 1817 2697 cum
1873 2646 1968 2697 est
1998 2642 2074 2698 30

214 2718 449 2789 factum,
497 2717 709 2791 negari
757 2723 974 2792 potest.
1062 2717 1126 2774 Si
1181 2718 1381 2793 palam
1428 2724 1488 2775 te
1545 2719 1966 2791 interemisset,

214 2801 476 2856 omnium
521 2798 586 2854 in
629 2814 692 2853 se
736 2797 1008 2871 gentium
1050 2815 1171 2854 non
1219 2798 1414 2855 solum
1444 2798 1597 2869 odia,
1630 2800 1738 2856 sed
1780 2800 1967 2856 etiam

213 2895 372 2936 arma
427 2877 862 2935 convertisset:
931 2877 983 2933 si
1036 2894 1283 2946 veneno,
1338 2877 1519 2934 Jovis
1575 2879 1674 2937 ille
1726 2880 1967 2954 quidem

214 2957 531 3033 hospitalis
587 2974 811 3013 numen
867 2973 1201 3030 numquam
1257 2957 1448 3014 celare
1504 2960 1822 3033 potuisset,
1870 2958 1971 3015 ho·

213 3040 397 3095 mines
452 3038 711 3094 fortasse
767 3036 1039 3092 celasset.
1148 3037 1325 3109 Quod
1391 3037 1579 3111 igitur
1634 3046 1697 3096 et
1762 3037 1966 3095 conari
1996 3039 2067 3094 35

214 3118 502 3176 occultius
531 3122 594 3173 et
622 3116 847 3172 efficere
879 3116 1117 3171 cautius
1155 3117 1372 3190 potuit,
1404 3118 1465 3173 id
1505 3118 1615 3174 tibi
1643 3124 1704 3175 et
1733 3116 1965 3173 medico

214 3198 420 3254 callido
451 3204 513 3253 et
553 3213 744 3265 serm,
777 3204 846 3251 ut
889 3196 1158 3268 putabat,
1195 3195 1365 3266 fideli,
1399 3214 1518 3253 non
1561 3197 1845 3254 credidit:
1890 3196 1962 3252 de

215 3278 406 3347 armis,
454 3276 527 3333 de
572 3276 743 3345 ferm,
788 3276 861 3332 de
918 3275 1155 3331 insidiis
1198 3275 1388 3331 celare
1431 3281 1491 3330 te
1543 3272 1786 3331 noluit?
1871 3274 1961 3330 At

215 3372 388 3430 quam
436 3355 654 3413 festive
709 3356 931 3411 crimen
981 3351 1354 3410 contexitur!
1440 3353 1573 3409 Tua
1619 3359 1695 3421 te,
1743 3351 1958 3423 inquit,
