2284 3717
512 206 661 252 Psso
713 206 910 253 REGE
961 205 1343 253 Dmo'rAsso
1394 204 1697 253 ORATIO.
1907 188 2031 253 149

169 380 280 435 rex,
303 382 491 439 quem
523 368 778 420 senatus
808 362 920 420 hoc
942 363 1183 420 nomine
1208 380 1384 438 saepe
1409 361 1932 421 bonorificentissi-

172 444 278 500 mis
305 444 571 501 decretis
615 442 1064 517 appellavisset,
1096 443 1318 518 quique
1357 442 1525 499 illum
1556 443 1824 499 ordinem
1854 443 1930 500 ab

173 522 581 581 adolescentia
623 522 1056 596 gravissimum
1113 523 1686 596 sanctissimumque
1730 522 1934 579 duxis-

173 609 273 674 set,
302 604 508 661 isdem
551 602 732 659 rebus
775 608 870 658 est
903 603 1308 677 perturbatuS‚
1340 602 1521 659 homo
1561 601 1931 677 longinquus

172 687 230 739 et
268 683 636 757 alienigena,
670 682 892 757 quibus
930 698 1042 739 nos
1083 682 1146 739 in
1174 682 1375 739 media
1412 699 1475 738 re
1517 681 1759 758 publica
1800 682 1931 740 nati
1999 682 2036 741 5

173 779 526 840 semperque
558 762 801 819 versati.

247 846 296 900 4.
350 842 512 900 Cum
544 841 783 899 audiret
820 845 1067 898 senatus
1099 840 1534 899 consentientis
1573 840 1934 908 auctoritate

174 938 337 979 arma
383 928 647 995 sumpta,
680 920 1047 991 consulibuS,
1078 921 1479 995 praetoribus,
1509 920 1773 978 tribunis
1813 920 1937 994 ple-

173 1000 276 1070 bis,
297 1001 481 1058 nobis
511 1000 982 1074 imperatoribus
1011 1018 1137 1057 rem
1168 1000 1466 1076 publicam
1492 999 1930 1057 defendendam

173 1079 402 1151 datam,
426 1080 791 1137 movebatur
833 1080 1033 1136 animo
1076 1085 1138 1136 et
1177 1081 1271 1136 vir
1314 1080 1453 1137 huic
1494 1080 1747 1154 imperio
1791 1080 1935 1136 ami·
1965 1081 2039 1138 10

174 1160 457 1216 cissimus
487 1159 559 1215 de
604 1159 800 1217 salute
842 1159 1054 1233 populi
1081 1159 1350 1216 Romani
1391 1159 1841 1230 extimescebat,
1871 1160 1936 1216 in

175 1256 291 1314 qua
320 1239 512 1296 etiam
555 1255 727 1295 suam
755 1256 889 1296 esse
932 1239 1228 1296 inclusam
1266 1240 1546 1297 videbat:
1590 1239 1655 1295 in
1696 1256 1934 1297 summo

173 1324 382 1376 tamen
403 1318 618 1375 timore
642 1319 1068 1393 quiescendum
1094 1336 1229 1376 esse
1260 1319 1680 1380 arbitrabatur.
1740 1317 1937 1376 Maxi-

175 1416 265 1455 me
296 1415 444 1455 vero
474 1398 859 1472 perturbatus
888 1404 998 1469 est,
1023 1403 1092 1455 ut
1121 1398 1374 1469 audivit,
1405 1398 1683 1456 consules
1710 1415 1788 1455 ex
1813 1398 1937 1455 Ita-

175 1477 255 1534 lia
307 1477 656 1553 profugisse
707 1495 1032 1553 omnesque
1087 1479 1434 1536 consulares
1491 1472 1608 1554 (si'c
1663 1477 1822 1534 enim
1877 1477 1934 1534 ei
1966 1479 2038 1536 15

175 1557 625 1633 nuntiabatur),
657 1563 939 1617 cunctum
969 1562 1266 1628 senatum,
1296 1564 1488 1615 totam
1520 1557 1769 1615 Italiam
1796 1556 1937 1614 effu-

177 1653 305 1694 sam
329 1659 344 1696 :
391 1636 622 1694 talibus
650 1637 810 1693 enim
844 1636 1075 1694 nuntiis
1104 1642 1167 1694 et
1195 1638 1536 1695 rumoribus
1578 1637 1828 1713 patebat
1857 1636 1936 1693 ad

179 1718 471 1774 orientem
517 1716 619 1772 via
661 1733 769 1773 nec
811 1715 917 1773 ulli
960 1716 1086 1773 veri
1131 1717 1675 1791 subsequebantur.
1764 1715 1935 1773 Nihil

177 1796 275 1854 ille
306 1796 381 1853 de
411 1795 863 1853 condicionibus
893 1796 1034 1866 tuiS,
1068 1796 1218 1853 nihil
1250 1797 1321 1854 de
1352 1797 1552 1854 studio
1583 1796 1934 1854 concordiae

178 1882 239 1933 et
278 1876 463 1951 paciS,
509 1875 660 1932 nihil
703 1876 775 1932 de
818 1876 1261 1950 conspiratione
1306 1877 1591 1935 audiebat
1635 1881 1936 1933 certorum
1967 1877 2041 1933 20

180 1955 493 2012 hominum
533 1960 745 2012 contra
785 1956 1147 2030 dignitatem
1190 1962 1375 2013 tuam.
1461 1956 1629 2029 Quae
1670 1973 1805 2012 cum
1847 1955 1937 2011 ita

179 2042 401 2105 essent,
428 2041 634 2091 tamen
663 2052 852 2110 usque
883 2053 953 2092 eo
984 2053 1048 2093 se
1078 2036 1293 2105 tenuit,
1319 2037 1518 2110 quoad
1549 2054 1585 2093 a
1616 2035 1723 2093 Cn.
1759 2035 1936 2092 Pom-

179 2115 313 2189 peio
358 2115 437 2172 ad
480 2132 619 2172 eum
655 2113 845 2189 legati
873 2115 1228 2189 litteraeque
1260 2122 1567 2174 venerunt.
1653 2115 1932 2189 Ignosce,

180 2194 441 2268 ignosce,
487 2193 732 2265 Caesar,
780 2195 832 2251 si
879 2196 1008 2268 ejus
1050 2195 1168 2252 viri
1216 2195 1562 2252 auctoritati
1609 2212 1713 2251 rex
1763 2194 1939 2252 Deio-

181 2279 350 2332 tarus
394 2274 597 2342 cessit,
642 2292 821 2349 quem
878 2291 989 2330 nos
1044 2292 1254 2332 omnes
1310 2275 1498 2335 secuti
1556 2291 1798 2348 sumus3
1856 2273 1935 2330 ad
1965 2274 2039 2331 25

183 2372 357 2428 quem
385 2371 524 2410 cum
555 2354 618 2410 di
647 2359 825 2428 atque
868 2353 1144 2412 homines
1179 2354 1380 2411 omnia
1408 2360 1763 2411 ornamenta
1803 2370 1939 2410 con·

181 2434 534 2507 gessissent,
567 2438 697 2489 tum
725 2441 793 2490 tu
821 2434 952 2507 ipse
990 2433 1250 2507 plurima
1276 2439 1339 2491 et
1367 2434 1647 2492 maxima.
1719 2432 1934 2507 Neque

181 2513 357 2583 enim,
383 2513 439 2569 si
469 2518 611 2569 tuae
640 2529 736 2570 res
765 2520 976 2587 gestae
1006 2518 1341 2570 ceterorum
1369 2513 1650 2571 laudibus
1679 2512 1939 2570 obscuri-

181 2598 369 2650 tatem
426 2592 777 2663 attulerunt‚
829 2592 1046 2650 idcirco
1093 2593 1202 2651 Gn.
1250 2592 1527 2669 Pompeii
1582 2593 1935 2651 memoriam

183 2673 514 2730 amisimus
604 2671 913 2745 Quantum
956 2689 1175 2729 nomen
1222 2671 1386 2729 illius
1427 2673 1624 2742 fuerit,
1670 2679 1935 2748 quantae
1965 2673 2041 2731 30

184 2769 342 2826 opeS,
368 2756 602 2827 quanta
629 2751 693 2808 in
722 2752 884 2808 omni
915 2768 1133 2826 genere
1164 2750 1459 2809 bellorum
1485 2752 1697 2828 gloria,
1723 2752 1937 2827 quanti
1978 2820 1984 2824 ¹

185 2829 439 2890 honores
482 2829 690 2905 populi
719 2831 1000 2901 Romani,
1033 2831 1248 2907 quanti
1290 2837 1554 2900 senatus
1586 2833 1796 2907 quanti
1826 2833 1934 2903 tui,

185 2912 317 2985 quis
345 2908 636 2986 ignorat?
723 2909 920 2967 Tanto
948 2910 1048 2967 ille
1093 2910 1434 2984 superiores
1464 2911 1690 2969 vicerat
1724 2911 1933 2985 gloria,

186 2998 406 3064 quanto
437 2996 506 3047 tu
536 2990 817 3047 omnibus
847 2990 1209 3064 praestitisti
1233 3010 1248 3064 ;
1291 2990 1495 3065 itaque
1521 2990 1630 3050 Cn.
1658 2990 1937 3065 Pompeii

186 3068 354 3141 bella,
398 3070 707 3139 victorias,
753 3068 1109 3144 triumphos,
1159 3069 1510 3127 consulatus
1567 3070 1935 3127 admirantes
1964 3068 2040 3126 35

190 3150 687 3208 numerabamus:
731 3154 869 3206 tuos
898 3166 1243 3206 enumerare
1274 3167 1394 3206 non
1422 3166 1760 3224 possumus.

263 3232 312 3286 5.
360 3229 461 3286 Ad
490 3246 629 3285 eum
659 3228 848 3302 igitur
875 3245 981 3285 rex
1004 3228 1330 3286 Deiotarus
1359 3229 1528 3285 venit
1563 3227 1675 3283 hoc
1716 3226 1935 3282 misero

191 3305 469 3384 fatalique
493 3307 666 3378 bello,
688 3326 868 3382 quem
893 3314 1073 3365 antea
1089 3308 1278 3381 justis
1302 3307 1739 3376 hostilibusque
1762 3303 1935 3357 bellis

191 3387 514 3461 adjuverat,
547 3404 807 3463 quocum
847 3392 979 3444 erat
1005 3403 1127 3443 non
1171 3384 1429 3458 hospitio
1470 3382 1683 3449 solum,
1724 3394 1933 3434 verum
