2284 3717
223 138 348 202 104
688 112 693 116 ’
741 152 1111 199 M.'1'ULL11
1159 150 1559 198 monuoms

328 326 510 383 quam
538 325 751 383 parum
794 309 1074 384 prudens
1163 307 1283 366 Sed
1328 306 1611 382 quisnam
1655 310 1754 363 est
1799 306 1920 364 iste
1965 312 2088 366 tam

325 386 616 445 demens?
704 388 794 445 De
826 388 1028 445 tuisne
1046 386 1430 445 ?—Tametsi
1462 387 1562 461 qui
1593 386 1795 460 magis
1826 392 1975 444 sunt
2001 387 2088 444 tui

327 486 509 543 quam
540 468 757 542 quibus
781 475 848 525 tu
871 469 1129 524 salutem
1155 466 1603 540 insperantibus
1632 466 1955 522 reddidisti
1976 465 2086 523 ⁴?—

327 550 431 604 An
460 566 533 605 ex
563 548 674 604 hoc
718 565 981 617 flumem,
1015 549 1116 621 qui
1160 565 1282 603 una
1325 553 1522 602 tecum
1568 543 1862 601 fuerunt?
1949 545 2086 602 Non

260 632 294 687 5
325 636 421 684 est
448 627 748 684 credibilis
778 634 986 683 tantus
1016 627 1080 682 in
1110 627 1230 682 ullo
1262 625 1439 696 furor,
1465 632 1534 681 ut
1563 643 1681 699 quo
1707 625 1860 681 duce
1885 626 2087 681 omnia

327 724 565 763 summa
594 708 673 763 sit
703 707 974 781 adeptuS‚
1003 706 1180 778 hujus
1205 706 1394 761 vitam
1426 722 1545 761 non
1569 710 1903 779 anteponat
1926 723 2081 761 suae.

327 787 431 842 An
475 788 526 843 si
570 786 720 843 nihil
763 787 854 843 tui
899 786 1174 859 cogitant
1203 785 1460 853 sceleriS‚
1493 784 1833 841 cavendum
1876 791 1973 841 est
2014 802 2084 840 ne

327 866 474 941 quid
505 863 774 922 inimici?
849 863 1013 937 Qui?
1087 864 1315 922 Omnes
1344 864 1522 933 enim,
1554 863 1657 937 qui
1688 863 1956 933 fuerunt,
1982 868 2085 920 aut

328 962 439 1001 sua
466 945 798 1020 pertinacia
820 945 1011 1002 vitam
1042 944 1376 1001 amiserunt
1405 949 1512 999 aut
1539 948 1646 998 tua
1670 943 2084 999 misericordia

225 1028 298 1085 10
327 1025 718 1096 retinuerunt,
751 1035 820 1080 ut
863 1030 969 1080 aut
1013 1024 1162 1080 nulli
1208 1023 1510 1096 supersint
1554 1023 1628 1079 de
1675 1022 1941 1079 inimicis
1985 1027 2086 1079 aut

330 1105 433 1179 qui
482 1105 727 1161 fuerunt
778 1103 902 1159 sint
950 1103 1317 1160 amicissimi.
1405 1101 1523 1160 Sed
1571 1107 1777 1158 tamen
1832 1119 1972 1158 cum
2025 1102 2084 1159 in

329 1184 550 1240 animis
593 1183 904 1240 hominum
938 1188 1147 1239 tantae
1177 1182 1443 1239 latebrae
1474 1182 1595 1238 sint
1623 1186 1686 1237 et
1714 1181 1874 1238 tanti
1903 1199 2086 1238 reces-

330 1280 451 1333 suS‚
484 1280 820 1336 augeamus
851 1279 995 1318 sane
1027 1262 1434 1336 suspicionem
1463 1266 1666 1318 tuam:
1713 1261 1898 1317 simul
1929 1261 2084 1318 enim

330 1342 688 1417 augebimus
716 1342 1111 1416 diligentiam.
1188 1341 1348 1398 Nam
1379 1341 1515 1415 quis
1543 1343 1639 1396 est
1661 1339 1934 1396 omnium
1963 1346 2083 1397 tam

226 1424 296 1482 15
329 1422 579 1495 ignarus
619 1439 836 1491 rerum,
870 1427 994 1477 tam
1038 1421 1209 1477 rudis
1254 1421 1318 1476 in
1362 1437 1425 1477 re
1471 1419 1732 1493 publica,
1765 1424 1896 1475 tam
1940 1419 2085 1478 nihil

329 1519 617 1576 umquam
640 1518 749 1557 nec
771 1502 843 1557 de
868 1518 977 1557 sua
1001 1518 1110 1557 nec
1133 1501 1206 1557 de
1231 1499 1534 1556 communi
1563 1498 1761 1555 salute
1785 1498 2083 1573 cogitanS,

329 1581 432 1654 qui
465 1598 584 1637 non
623 1581 929 1654 intelligat
969 1584 1077 1635 tua
1118 1579 1315 1636 salute
1357 1578 1648 1635 contineri
1694 1595 1867 1634 suam
1914 1583 1978 1634 et
2018 1595 2088 1636 ex

329 1660 510 1716 unius
555 1665 662 1716 tua
691 1661 819 1717 vita
863 1659 1121 1733 pendere
1163 1655 1475 1715 omnium?
1561 1657 1863 1731 Equidem
1912 1657 1986 1715 de
2029 1664 2087 1714 te

329 1738 458 1795 dies
501 1748 844 1813 noctesque,
877 1744 945 1795 ut
987 1739 1195 1808 debe0,
1228 1738 1507 1811 cogitans
1550 1754 1727 1798 casus
1769 1737 2091 1796 dumtaxat

225 1820 299 1877 20
332 1817 628 1875 humanos
671 1824 733 1875 et
774 1818 1035 1874 incertos
1065 1824 1320 1874 eventus
1352 1816 1714 1873 valetudinis
1744 1821 1809 1872 et
1838 1824 2090 1874 naturae

330 1899 662 1954 communis
692 1899 1079 1972 fragilitatem
1111 1899 1455 1966 extimesco,
1482 1896 1794 1969 doleoque‚
1828 1913 1967 1952 cum
1996 1913 2092 1953 res

328 1977 571 2051 publica
615 1977 973 2033 immortalis
1003 1994 1134 2033 esse
1165 1977 1399 2045 debeat,
1432 1993 1566 2031 eam
1611 1975 1673 2030 in
1717 1974 1899 2031 unius
1943 1993 2096 2031 mor-

327 2057 469 2113 talis
502 2058 704 2113 anima
733 2058 1076 2113 consistere.
1167 2055 1232 2112 Si
1264 2073 1406 2112 vero
1451 2055 1525 2111 ad
1569 2054 1870 2110 humanos
1915 2072 2096 2111 casus

332 2135 708 2210 incertosque
740 2147 938 2191 motus
969 2135 1337 2192 valetudinis
1374 2133 1615 2190 sceleris
1643 2133 1827 2189 etiam
1860 2135 2097 2192 accedit

226 2215 298 2272 25
331 2214 802 2289 insidiarumque
823 2215 1153 2284 consensio,
1174 2232 1353 2288 quem
1375 2214 1569 2282 deum,
1591 2212 1643 2269 si
1666 2212 1890 2287 cupiat,
1911 2230 2096 2287 posse

331 2294 611 2369 opitulari
640 2295 726 2350 rei
754 2294 1025 2368 publicae
1057 2291 1416 2350 credamus?

413 2377 463 2430 8.
499 2373 722 2431 Omnia
750 2379 892 2430 sunt
914 2373 1234 2429 excitanda
1263 2373 1392 2442 tibi,
1424 2371 1488 2431 O.
1518 2369 1758 2440 Caesar,
1783 2370 1911 2440 uni,
1937 2389 2098 2445 quae

339 2454 537 2526 jacere
568 2453 774 2521 sentiS‚
807 2453 947 2509 belli
978 2452 1168 2527 ipsius
1211 2452 1456 2525 impetn,
1489 2450 1649 2524 quod
1680 2467 1927 2507 necesse
1958 2451 2096 2522 fuit,

333 2532 611 2605 perculsa
635 2539 814 2606 atque
842 2537 1180 2607 prostrata:
1212 2530 1636 2588 constituenda
1652 2529 1902 2602 judicia,
1928 2547 2102 2587 revo-

229 2612 304 2667 30
334 2611 528 2668 canda
583 2611 746 2680 fides,
799 2610 1285 2684 comprimendae
1343 2609 1638 2677 libidines,
1694 2610 2103 2682 propaganda

336 2690 596 2759 suboleS,
630 2690 848 2758 omnia,
881 2707 1035 2763 quae
1075 2689 1308 2764 dilapsa
1339 2690 1468 2763 J'am
1497 2686 1898 2756 diffluxerunt,
1931 2705 2103 2745 seve-

333 2770 419 2825 ris
460 2769 696 2842 legibus
740 2768 1057 2825 vincienda
1106 2774 1265 2826 sunt.
1351 2767 1408 2823 N
1415 2784 1492 2823 on
1535 2766 1649 2823 fuit
1692 2768 2103 2825 recusandum

337 2849 400 2904 in
429 2853 603 2904 tanto
639 2847 803 2904 civili
848 2847 1022 2915 bello,
1054 2853 1227 2903 tanto
1272 2847 1607 2902 animorum
1649 2845 1861 2902 ardore
1905 2851 1970 2903 et
2012 2864 2104 2903 ar-

335 2944 586 2994 morum,
619 2927 762 2999 quin
797 2931 1084 2999 quassata
1124 2943 1221 2982 res
1262 2925 1517 2999 publica,
1550 2923 1914 2997 quicumque
1956 2926 2105 2982 belli

233 3007 305 3063 35
335 3011 589 3061 eventus
626 3005 857 3072 fuisset,
890 3005 1083 3060 multa
1122 3005 1397 3077 perderet
1424 3008 1486 3059 et
1515 3009 1870 3059 ornamenta
1900 3005 2102 3078 digni-

338 3084 486 3139 tatis
516 3089 578 3139 et
603 3082 906 3155 praesidia
935 3083 1289 3138 stabilitatis
1320 3100 1481 3150 suae,
1510 3082 1818 3154 multaque
1842 3088 2102 3158 uterque

338 3162 461 3216 dux
491 3160 711 3213 faceret
741 3164 1025 3227 armatus,
1057 3177 1209 3233 quae
1239 3160 1399 3215 idem
1428 3165 1680 3232 togatus
1720 3158 1846 3215 fieri
1898 3164 2105 3236 prohi-

338 3236 602 3291 buisset:
647 3251 800 3305 quae
829 3234 1069 3304 quidem
1096 3237 1210 3291 tibi
1240 3253 1398 3293 nunc
1426 3237 1632 3294 omnia
1665 3237 1810 3293 belli
1839 3240 2103 3299 vulnera

344 3311 618 3371 sananda
647 3315 808 3372 sunt.
831 3309 1050 3390 quibus
1077 3318 1317 3394 praeter
1341 3319 1400 3369 te
1423 3331 1599 3371 nemo
1618 3314 1845 3371 mederi
1874 3324 2101 3392 potest..

2261 287 2271 744 4
