2284 3717
583 199 726 246 ruo
779 200 853 247 M.
886 199 1288 247 MARcELLO
1340 197 1639 245 ORATIO.
1918 183 2038 247 101

185 354 689 429 complectemur?
773 356 1065 426 ParieteS,
1113 374 1210 414 me
1266 356 1403 413 dius
1452 354 1646 427 fidius,
1678 360 1748 413 ut
1790 355 1939 413 mibi

187 432 433 506 videtur,
483 434 664 511 hujus
720 438 916 494 curiae
957 437 1070 494 tibi
1126 436 1327 510 grafia
1332 453 1381 493 s·
1417 453 1593 509 agere
1649 435 1937 509 gestiunt,

188 514 339 584 quod
385 515 557 572 brevi
602 523 872 590 tempore
902 517 1105 573 futura
1148 515 1229 572 sit
1246 515 1381 572 ‘illa’
1396 515 1725 573 anctoritas
1748 516 1814 572 ‘in
1843 515 1940 573 his

188 593 472 664 majorum
506 613 754 652 suorum
784 601 845 652 et
874 596 999 653 suis
1029 597 1289 652 sedibus.

263 675 312 728 4.
359 672 664 766 Equidem
707 693 841 731 cum
876 675 940 733 O.
973 675 1272 744 Marcell'if
1296 675 1437 732 riri’—
1425 672 1688 750 &pt-*mit
1697 677 1759 730 et
1775 627 1974 731 {fem-⁶

187 754 557 810 memorabili
585 754 813 828 pietate
837 755 1092 829 praediti
1116 755 1395 811 lacrimas
1425 755 1603 811 modo
1627 755 1940 811 vobiscum

189 829 466 904 viderem,
495 834 765 890 omnium
797 834 1222 891 Marcellorum
1256 852 1454 891 meum
1483 839 1697 909 pectus
1726 851 1945 890 memo-

187 909 270 965 ria
313 912 567 984 obfudit,
613 914 833 988 quibus
875 920 942 971 tu
983 915 1166 971 etiam
1213 915 1468 970 mortuis
1517 913 1601 971 M.
1651 912 1942 970 Marcello

188 997 539 1049 conservato
560 993 923 1067 dignitatem
947 1011 1121 1051 suam
1142 993 1458 1051 reddidisti
1482 992 1940 1050 nobilissimam-

190 1087 300 1143 que
328 1071 629 1128 familiam
663 1074 786 1145 jam
821 1074 897 1130 ad
926 1090 1150 1148 paucos
1192 1074 1498 1130 redactam
1534 1090 1724 1147 paene
1756 1072 1830 1128 ab
1860 1073 1945 1128 in·
1975 1073 2049 1128 10

190 1149 365 1207 teritu
386 1152 731 1209 vindicasti.
794 1153 976 1210 Hunc
1005 1157 1071 1209 tu
1102 1154 1291 1226 igitur
1320 1153 1479 1210 diem
1509 1153 1633 1209 tuis
1663 1151 1943 1209 maximis

188 1233 247 1285 et
286 1229 828 1289 innumerabilibus
871 1232 1377 1325 gratulationibus
1417 1233 1551 1305 jure
1595 1238 1940 1307 antepones,

192 1306 354 1367 Haec
376 1310 541 1367 enim
564 1328 660 1367 res
684 1311 861 1368 unius
882 1318 977 1369 est
1003 1312 1245 1387 propria
1270 1312 1335 1370 O.
1362 1311 1677 1384 Caesaris3
1709 1317 1943 1368 ceterae

191 1386 331 1445 duce
359 1395 420 1447 te
452 1396 665 1464 gestae
697 1408 951 1465 magnae
981 1391 1118 1448 illae
1141 1392 1401 1466 quidem,
1427 1392 1533 1448 sed
1564 1396 1769 1447 tamen
1798 1390 1947 1447 mul-

189 1471 249 1523 to
292 1486 640 1544 magnoque
671 1471 995 1528 comitatu:
1040 1471 1217 1545 hujus
1249 1477 1450 1527 autem
1480 1471 1566 1527 rei
1595 1478 1662 1527 tu
1691 1471 1849 1527 idem
1879 1488 1944 1527 es
1978 1469 2048 1526 15

189 1552 246 1603 et
273 1548 395 1605 dux
425 1554 488 1605 et
517 1566 747 1607 comes:
784 1568 936 1624 quae
967 1551 1206 1624 quidem
1238 1557 1412 1607 tanta
1441 1555 1551 1618 est,
1584 1555 1653 1606 ut
1680 1549 1944 1623 tropaeis

188 1632 247 1683 et
273 1629 686 1685 monumentis
714 1628 836 1686 tuis
879 1630 1154 1686 adlatura
1199 1630 1376 1686 finem
1422 1629 1502 1686 sit
1547 1635 1750 1686 aetas:
1794 1629 1946 1686 nihil

189 1712 275 1763 est
304 1709 473 1764 enim
502 1725 679 1782 opere
709 1714 771 1765 et
799 1726 982 1765 manu
1011 1709 1254 1779 factum,
1280 1710 1438 1785 quod
1470 1727 1587 1765 non
1620 1709 1943 1782 aliquando

191 1786 467 1844 conficiat
495 1792 557 1844 et
585 1794 904 1845 consumat
933 1795 1243 1846 vetustas:
1290 1795 1352 1845 at
1388 1788 1534 1846 haec
1563 1794 1669 1845 tua
1701 1788 1947 1861 justitia

189 1871 247 1922 et
270 1866 495 1924 lenitas
519 1867 704 1923 animi
728 1866 997 1924 florescet
1026 1869 1288 1943 quotidie
1312 1869 1525 1942 magiS,
1553 1868 1639 1924 ita
1668 1874 1736 1925 ut
1764 1886 1947 1943 quan·
1976 1869 2050 1924 20

190 1948 312 2001 tum
355 1946 487 2003 tuis
530 1947 813 2020 operibus
857 1947 1227 2004 diuturnitas
1258 1948 1549 2016 detrahet,
1582 1953 1817 2003 tantum
1849 1947 1949 2004 ad-

190 2023 337 2083 ferat
390 2026 711 2099 laudibus3
760 2033 821 2083 et
869 2036 1098 2084 ceteros
1149 2027 1389 2101 quidem
1436 2045 1645 2084 omnes
1691 2027 1947 2084 victores

190 2104 479 2162 bellorum
513 2105 778 2161 civilium
799 2107 927 2179 jam
960 2111 1096 2162 ante
1127 2107 1431 2181 aequitate
1456 2117 1516 2162 et
1540 2106 1948 2163 misericordia

192 2184 460 2241 viceras:
506 2184 793 2242 hodierno
824 2203 967 2242 vero
997 2186 1090 2242 die
1119 2192 1180 2243 te
1210 2186 1410 2259 ipsum
1436 2187 1657 2243 vicisti.
1717 2185 1947 2243 Vereor

193 2268 255 2320 ut
284 2264 417 2331 hoc,
453 2264 611 2338 quod
641 2261 854 2333 dicam,
885 2265 1131 2339 perinde
1164 2266 1420 2339 intelligi
1454 2267 1648 2338 possit
1672 2266 1945 2322 auditum
1976 2267 2049 2324 25

192 2348 372 2418 atque
403 2343 532 2417 ipse
563 2344 838 2417 cogitans
881 2345 1113 2402 sentio:
1157 2346 1352 2418 ipsam
1386 2345 1696 2402 victoriam
1728 2345 1946 2401 vicisse

193 2422 430 2491 videriS‚
462 2441 600 2479 cum
641 2442 732 2493 ea,
764 2442 917 2498 quae
964 2423 1068 2480 illa
1113 2431 1245 2481 erat
1288 2424 1521 2499 adepta,
1556 2425 1732 2482 victis
1775 2424 1943 2481 remi·

192 2502 363 2559 sisti:
422 2520 564 2558 nam
607 2520 742 2559 cum
785 2504 978 2577 ipsius
1022 2502 1305 2560 victoriae
1350 2504 1695 2561 condicione
1741 2520 1947 2561 omnes

191 2582 329 2639 victi
356 2582 804 2652 occidissemus
826 2583 1177 2640 clementiae
1203 2589 1341 2639 tuae
1356 2583 1581 2656 J‘udicio
1604 2584 1946 2641 conservati

191 2678 417 2718 sumus.
506 2661 696 2719 Recte
725 2662 910 2736 igitur
938 2680 1094 2719 unus
1124 2662 1385 2719 invictus
1428 2681 1510 2733 eS‚
1545 2681 1580 2719 a
1609 2682 1727 2737 quo
1757 2664 1944 2720 etiam
1975 2664 2095 2721 30³·-

192 2740 381 2815 ipsius
412 2740 704 2798 victoriae
735 2741 1004 2799 condicio
1035 2741 1243 2816 visque
1275 2742 1515 2799 devicta
1544 2749 1652 2799 est.

266 2824 320 2878 5.
368 2819 579 2895 Atque
634 2819 746 2877 hoc
793 2820 858 2878 G.
909 2821 1192 2878 Caesaris
1226 2821 1536 2893 judicium,
1567 2828 1768 2896 patres
1814 2839 1949 2879 con-

192 2900 417 2975 scripti,
445 2917 628 2975 quam
659 2900 778 2956 late
800 2905 1020 2974 pateat,
1049 2901 1371 2959 attendite:
1404 2918 1610 2957 omnes
1640 2902 1817 2972 enim,
1844 2901 1947 2975 qui

194 2980 267 3036 ad
312 2979 419 3036 illa
461 2997 631 3036 arma
659 2980 786 3036 fato
816 2997 1025 3036 sumus
1055 2980 1256 3036 nescio
1281 2998 1398 3054 quo
1420 2980 1506 3036 rei
1533 2981 1810 3055 publicae
1841 2980 1948 3036 mi-

194 3075 321 3116 sero
354 3059 716 3132 funestoque
748 3059 1059 3133 compulsi,
1085 3059 1200 3116 etsi
1235 3059 1438 3133 aliqua
1470 3061 1644 3133 culpa
1673 3066 1947 3117 tenemur
1977 3056 2049 3113 35

195 3140 406 3196 erroris
440 3138 709 3206 humani,
743 3139 962 3195 scelere
992 3144 1148 3195 certe
1188 3138 1423 3195 liberati
1475 3157 1699 3194 sumus.
1786 3138 1946 3192 Nam

195 3234 323 3275 cum
355 3218 440 3275 M.
479 3217 835 3274 Marcellum
866 3218 1330 3291 deprecantibus
1358 3219 1528 3274 vobis
1558 3218 1642 3273 rei
1673 3216 1946 3290 publicae

196 3298 593 3366 conservavit,
626 3315 719 3354 me
749 3300 810 3353 et
842 3297 990 3353 mihi
1035 3302 1096 3353 et
1138 3297 1284 3352 item
1329 3297 1413 3352 rei
1458 3296 1749 3376 publicae,
1783 3293 1947 3347 nullo

198 3376 571 3454 deprecante,
602 3376 864 3452 reliquos
895 3375 1303 3451 amplissimos
1332 3374 1494 3430 viros
1538 3378 1599 3428 et
1640 3370 1754 3426 sibi
1785 3370 1948 3444 ipsos

1999 2630 2035 2661 ο
