2284 3717
480 146 627 203 PRO
677 154 738 201 Τ.
770 153 1015 203 ANNIO
1065 153 1359 202 mnorm
1409 155 1710 205 onum.
1902 138 2026 203 113

147 313 246 370 vis
272 318 340 371 et
367 311 649 382 insidiae,
673 310 896 369 crimen
922 311 1155 386 judicio
1182 313 1507 384 reservavi,
1538 330 1665 370 rem
1692 310 1920 370 notavi.

152 393 338 465 Quod
384 393 440 450 si
472 409 582 467 per
610 391 902 448 furiosum
933 392 1104 447 illum
1131 392 1442 450 tribunum
1489 392 1731 451 senatui
1759 391 1923 467 quod

155 472 471 529 sentiebat
536 470 816 546 perficere
876 471 1165 541 licuisset,
1223 489 1449 529 novam
1504 472 1924 547 quaestionem

156 552 395 608 nullam
442 551 837 623 haberemus;
879 550 1242 610 decernebat
1282 551 1461 622 enim,
1502 557 1571 609 ut
1613 552 1921 608 veteribus

157 630 420 705 legibus,
463 630 890 688 tantummodo
945 636 1117 688 extra
1175 630 1465 702 ordinem,
1521 637 1919 706 quaereretur.
1991 628 2029 688 5

158 710 388 768 Divisa
432 710 739 767 sententia
783 715 879 767 est
921 710 1272 784 postulante
1316 710 1521 778 nescio
1566 728 1718 785 quo:
1773 709 1925 767 nihil

161 790 331 846 enim
368 807 616 847 necesse
645 795 740 847 est
767 790 1037 847 omnium
1069 807 1167 846 me
1197 788 1428 864 flagitia
1455 790 1735 864 proferre.
1820 788 1923 847 Sic

159 869 403 943 reliqua
433 869 764 927 auctoritas
804 874 1056 928 senatus
1082 875 1294 944 empta
1320 869 1750 928 intercessione
1791 868 1927 926 sub-

158 948 298 1006 lata
325 954 436 1007 est.

246 1029 342 1086 At
368 1028 532 1086 enim
562 1027 670 1088 Cn.
705 1027 1036 1103 Pompeius
1078 1027 1391 1103 rogatione
1435 1044 1550 1086 sua
1575 1032 1640 1086 et
1667 1027 1741 1085 de
1769 1043 1833 1084 re
1861 1030 1925 1084 et
1957 1027 2031 1084 10

160 1107 241 1165 de
288 1125 476 1165 causa
508 1107 841 1182 judicavit:
898 1108 1044 1165 tulit
1090 1107 1255 1165 enim
1300 1108 1374 1164 de
1418 1108 1618 1177 caede,
1661 1124 1813 1182 quae
1861 1106 1930 1166 in.

160 1186 379 1261 Appia
425 1188 527 1245 via
574 1187 739 1245 facta
779 1193 959 1256 esset,
1006 1186 1070 1244 in
1114 1204 1237 1262 qua
1280 1186 1348 1244 P.
1394 1186 1646 1246 Clodius
1690 1186 1924 1244 occisus

162 1271 347 1323 esset.
436 1266 597 1339 Quid
651 1283 798 1340 ergo
846 1232 1032 1324 tulit?
1116 1266 1354 1340 Nempe
1402 1271 1471 1323 ut
1516 1271 1920 1341 quaereretur.

164 1345 337 1419 Quid
365 1363 543 1420 porro
572 1346 982 1421 quaerendum
1019 1343 1160 1403 est?
1245 1345 1579 1403 Factumne
1622 1343 1751 1402 sit?
1834 1342 1925 1401 At

163 1429 426 1483 constat.
511 1424 572 1483 A
618 1423 781 1500 quo?
865 1424 957 1483 At
1002 1429 1193 1500 paret.
1280 1424 1460 1483 Vidit
1501 1425 1690 1499 igitur
1735 1422 1925 1481 etiam
1956 1420 2029 1478 15

163 1503 234 1561 in
261 1504 636 1562 confessione
667 1503 810 1561 facti
842 1503 999 1578 juris
1027 1509 1236 1562 tamen
1262 1504 1672 1561 defensionem
1701 1500 1928 1577 suscipi

163 1599 385 1658 posse:
442 1584 603 1659 quod
648 1584 766 1640 nisi
809 1583 1068 1641 vidisset
1110 1600 1289 1658 posse
1339 1583 1575 1640 absolvi
1619 1599 1774 1653 eum,
1820 1579 1923 1657 qui

165 1662 476 1734 fateretur,
508 1680 644 1721 cum
676 1663 910 1720 videret
943 1679 1056 1720 nos
1096 1662 1291 1732 fateri,
1322 1680 1514 1737 neque
1553 1661 1762 1737 quaeri
1798 1678 1927 1717 um-

162 1759 356 1817 quam
393 1743 682 1815 jussisset
728 1759 838 1799 nec
879 1742 1054 1799 vobis
1098 1746 1224 1799 tam
1268 1741 1423 1799 hanc
1479 1743 1808 1799 salutarem
1860 1739 1924 1796 in

171 1821 506 1896 judicando
560 1822 828 1879 litteram
882 1839 1066 1895 quam
1121 1821 1291 1877 illam
1346 1822 1581 1878 tristem
1637 1820 1922 1878 dedisset.
1956 1817 2031 1875 20

166 1899 332 1958 Mihi
373 1918 515 1960 vero
561 1901 671 1961 Cn.
705 1901 1037 1975 Pompeius
1082 1918 1204 1957 non
1248 1902 1428 1959 modo
1474 1900 1630 1957 nihil
1674 1899 1925 1974 gravius

182 1987 383 2039 ,ontra
410 1980 703 2037 Milonem
740 1980 1066 2054 judicasse,
1098 1980 1207 2037 sed
1235 1980 1420 2037 etiam
1447 1979 1736 2037 statuisse
1767 1977 1925 2035 vide-

162 2073 282 2129 tur,
315 2059 461 2134 quid
491 2077 601 2117 vos
629 2060 693 2116 in
721 2059 1051 2133 judicando
1095 2064 1369 2133 spectare
1399 2065 1737 2135 oporteret3
1781 2073 1925 2113 nam

163 2140 272 2214 qui
303 2156 427 2196 non
451 2156 710 2214 poenam
746 2138 1125 2209 confessioni,
1159 2139 1266 2196 sed
1300 2139 1710 2195 defensionem
1738 2136 1922 2207 dedit,

162 2219 222 2276 is
251 2235 497 2276 causam
539 2219 822 2275 interitus
850 2218 1276 2293 quaerendam,
1306 2235 1428 2275 non
1469 2217 1782 2274 interitum
1819 2233 1926 2290 pu·
1955 2215 2029 2272 25

159 2297 342 2356 tavit.
442 2297 486 2355 J
491 2315 591 2354 am
651 2297 801 2354 illud
861 2298 991 2372 ipse
1041 2297 1204 2354 dicet
1261 2297 1545 2371 profecto,
1597 2296 1758 2371 quod
1813 2311 1927 2351 sua

161 2381 384 2453 sponte
414 2376 572 2449 fecit,
607 2375 901 2434 Publione
933 2376 1147 2435 Clodio
1174 2376 1562 2434 tribuendum
1588 2375 1818 2452 putarit
1846 2390 1926 2430 an

158 2461 288 2514 tem
335 2455 439 2514 ori.

245 2474 332 2597 'LP
351 2534 535 2592 Domi
580 2551 724 2592 suae
769 2534 1186 2592 nobilissimus
1230 2534 1339 2606 vir,
1377 2538 1626 2604 senatus
1666 2550 1928 2609 propug-

158 2621 345 2673 nator
366 2619 546 2689 atque
570 2614 692 2671 illis
721 2614 963 2689 quidem
985 2614 1361 2689 temporibus
1388 2631 1579 2689 paene
1609 2619 1919 2688 patronus,
1952 2613 2030 2670 30

160 2694 506 2752 avunculus
553 2693 732 2767 hujus
767 2693 993 2767 judicis
1036 2693 1246 2762 nostri,
1292 2693 1612 2751 fortissimi
1656 2692 1785 2762 viri,
1835 2691 1920 2749 M.

161 2774 445 2843 Catonis,
493 2773 773 2830 tribunus
826 2773 1020 2848 plebis
1077 2772 1165 2830 M.
1217 2771 1458 2829 Drusus
1506 2771 1739 2829 occisus
1793 2776 1921 2828 est:

156 2853 322 2910 nihil
344 2853 420 2910 de
443 2854 574 2927 ejus
602 2858 794 2909 morte
822 2852 1079 2927 populus
1102 2851 1431 2920 consultus,
1457 2851 1624 2907 nulla
1646 2849 1922 2926 quaestio

158 2933 413 2990 decreta
441 2949 479 2989 a
506 2936 723 2988 senatu
748 2937 861 2989 est.
948 2932 1256 3004 Quantum
1278 2930 1554 2987 luctum
1538 2948 1602 2986 1n
1631 2929 1746 2987 hac
1773 2929 1921 2986 urbe

158 3012 353 3069 fuisse
378 3029 416 3069 a
438 3010 663 3067 nostris
689 3010 964 3085 patribus
994 3010 1350 3085 accepimus,
1376 3027 1512 3066 cum
1540 3009 1605 3066 P.
1628 3008 1920 3067 Africano
1948 3005 2028 3063 35

159 3091 330 3148 domi
376 3107 523 3148 suae
552 3089 884 3164 quiescenti
912 3089 1018 3145 illa
1056 3094 1352 3146 nocturna
1383 3088 1477 3144 vis
1504 3093 1666 3144 esset
1705 3083 1919 3144 illata?

160 3171 320 3243 Quis
349 3176 485 3227 tum
511 3186 632 3226 non
661 3166 938 3242 gemuit?
997 3167 1151 3241 Quis
1184 3185 1305 3225 non
1334 3167 1484 3224 arsit
1504 3166 1725 3235 dolore,
1747 3180 1923 3239 quem

160 3249 587 3318 immortalem,
637 3249 690 3304 si
735 3247 860 3305 fieri
903 3253 1129 3322 posset,
1178 3263 1386 3304 omnes
1439 3262 1572 3302 esse
1616 3245 1919 3317 cuperent,

161 3330 291 3403 ejus
329 3347 406 3388 ne
420 3327 842 3452 gngcessariam
872 3326 1115 3402 quidem
1154 3328 1568 3400 exspectatam
1596 3337 1729 3377 esse
1771 3332 1922 3375 mor·

530 3417 578 3453 10
