2284 3717
268 150 353 214 64
775 163 850 209 Μ.
897 164 1161 211 'runnu
1212 164 1608 213 CICERONIS

370 322 453 378 tis
501 326 564 378 et
609 338 742 378 cum
791 320 1031 394 publico
1073 322 1426 379 testImonio
1469 326 1780 392 venerunt,
1827 324 1933 398 qui
1977 324 2131 382 hunc

375 403 702 478 ascriptum
738 401 1191 459 Heracliensem
1224 403 1446 460 dicunt.
1535 402 1655 459 Hic
1684 407 1751 458 tu
1773 404 2021 460 tabulas
2041 404 2134 461 de·

373 484 605 540 sideras
654 482 1141 539 Heracliensium
1186 482 1476 557 publicae,
1509 499 1661 556 quas
1708 482 1930 540 Italico
1976 482 2131 540 bello

371 562 618 620 incenso
656 561 963 618 tabulario
992 561 1273 619 interisse
1304 562 1529 618 scimus
1559 579 1784 619 omnes
1856 562 1975 619 Est
2005 562 2134 619 ridi-

305 645 342 701 5
374 643 572 702 culum
602 642 682 698 ad
711 659 800 709 ea,
833 657 987 714 quae
1025 640 1337 712 habemus,
1371 639 1520 697 nihil
1566 641 1780 712 dicere,
1829 658 2131 715 quaerere,

369 740 523 797 quae
556 719 776 778 habere
808 737 927 775 nou
957 737 1296 795 possumne,
1328 727 1390 778 et
1435 720 1509 776 de
1555 719 1871 778 hominum
1914 738 2134 778 memo-

369 802 462 858 ria
507 807 722 869 tacere,
770 800 1109 857 litterarum
1158 800 1510 857 memoriam
1557 798 1848 873 flagitare,
1886 807 1966 869 et,
2000 818 2132 858 cum

372 881 599 938 habeas
630 878 989 953 amplissimi
1021 880 1133 935 viri
1180 880 1555 954 religionem,
1587 879 1966 954 integerrimi
2014 898 2135 936 mu-

372 960 576 1034 nicipii
624 959 1053 1034 jusjurandum
1110 958 1423 1033 fidemque,
1474 976 1562 1026 ea,
1613 977 1766 1032 quae
1809 958 2132 1033 depravari

265 1041 340 1100 10
370 1041 535 1097 nullo
581 1040 759 1096 modo
804 1044 1077 1114 possunt,
1110 1039 1447 1113 repudiare,
1477 1038 1738 1108 tabulae,
1771 1055 1926 1112 quas
1978 1038 2133 1095 idem

372 1120 524 1177 dicis
569 1119 759 1176 solere
806 1118 1120 1192 corrumpi,
1169 1118 1527 1176 desiderare.
1613 1118 1718 1175 An
1765 1116 2133 1175 domicilium

371 1199 606 1257 Romae
637 1217 757 1256 non
789 1198 1001 1257 habuit
1029 1199 1113 1268 is,
1133 1198 1249 1271 qui.
1281 1202 1376 1254 tot
1421 1198 1595 1254 anuis
1641 1202 1779 1255 ante
1819 1196 2132 1254 civitatem

371 1279 578 1335 datam
610 1278 812 1335 sedem
844 1278 1112 1337 omnium
1142 1294 1340 1333 rerum
1373 1295 1442 1334 ac
1472 1277 1852 1334 fortunarum
1883 1293 2131 1334 suarum

374 1358 608 1415 Romae
643 1347 1010 1426 collocavit?
1087 1357 1179 1414 At
1220 1374 1341 1414 non
1386 1362 1481 1412 est
1522 1357 1847 1431 professus
1935 1355 2133 1414 Immo

266 1437 341 1497 15
373 1455 514 1495 vero
542 1437 632 1494 eis
660 1438 889 1495 tabulis
928 1435 1256 1513 professuS‚
1288 1452 1443 1511 quae
1474 1436 1637 1493 solae
1666 1454 1742 1493 ex
1768 1435 1877 1491 illa
1909 1436 2134 1510 profes·

374 1518 543 1574 sione
594 1516 964 1592 collegioque
1021 1521 1367 1592 praetorum
1424 1515 1700 1572 obtinent
1753 1515 2131 1589 publicarum

371 1597 715 1653 tabularum
747 1597 1186 1653 auctoritatem.

450 1679 502 1734 5.
552 1675 711 1732 Nam
742 1693 876 1733 cum
908 1675 1093 1750 Appii
1134 1674 1380 1731 tabulae
1410 1673 1824 1748 negligentius
1855 1675 2133 1732 adserva-

370 1759 470 1812 tae
494 1755 848 1825 dicerentur,
877 1755 1137 1824 Gabinii,
1156 1772 1334 1829 quam
1368 1754 1472 1809 diu
1492 1753 1812 1811 incolumis
1843 1754 1978 1824 fuit,
1994 1754 2137 1811 levi-

266 1837 341 1893 20
372 1848 487 1904 tae,
512 1840 652 1908 post
682 1835 1133 1892 damnationem
1163 1834 1478 1891 calamitas
1508 1850 1748 1890 omnem
1784 1834 2134 1910 tabularum

372 1914 548 1971 fidem
578 1913 969 1987 resignasset,
1003 1914 1307 1983 MetelluS,
1341 1911 1520 1969 homo
1551 1913 1980 1969 sanctissimus
2011 1921 2133 1970 mo-

373 1994 877 2068 destissimusque
906 1994 1195 2063 omnium,
1226 1997 1404 2048 tauta
1432 1992 1752 2065 diligentia
1793 1992 1926 2062 fuit,
1958 1998 2029 2050 ut
2058 1991 2136 2050 ad

373 2073 442 2131 L.
466 2072 794 2130 Lentulum
818 2079 1156 2148 praetorem
1179 2079 1241 2129 et
1264 2072 1339 2128 ad
1361 2071 1595 2144 judices
1617 2072 1850 2128 venerit
1872 2077 1935 2128 et
1959 2073 2135 2129 unius

374 2153 633 2209 nominis
675 2152 861 2208 litura
905 2170 969 2209 se
1011 2157 1380 2209 commotum
1422 2168 1556 2208 esse
1598 2150 1834 2208 dixerit.
1921 2151 1997 2209 In
2039 2150 2136 2208 his

269 2235 342 2291 25
375 2232 562 2305 igitur
588 2231 817 2288 tabulis
863 2232 1091 2288 nullam
1134 2231 1379 2287 lituram
1422 2230 1485 2286 in
1529 2230 1771 2287 nomine
1803 2230 1879 2287 A.
1915 2229 2133 2288 Licinii

373 2312 610 2368 videtis
699 2311 870 2383 Quae
900 2329 1035 2368 cum
1078 2310 1166 2367 ita
1208 2311 1348 2378 sint,
1382 2309 1529 2384 quid
1570 2315 1666 2367 est
1706 2310 1869 2384 quod
1904 2309 1979 2367 de
2008 2312 2137 2383 ejus

373 2391 622 2448 civitate
668 2390 981 2459 dubitetis,
1024 2389 1379 2465 praesertim
1427 2406 1563 2445 cum
1608 2389 1748 2446 aliis
1792 2406 2030 2464 quoque
2075 2389 2136 2445 in

373 2470 729 2527 civitatibus
758 2469 939 2526 fuerit
969 2467 1308 2543 ascriptus?
1395 2467 1641 2525 Etenim
1661 2486 1800 2525 cum
1829 2467 2138 2526 mediocri·

375 2550 488 2606 bus
531 2549 741 2606 multis
770 2554 833 2605 et
862 2555 967 2604 aut
1002 2548 1170 2605 nulla
1200 2553 1307 2606 aut
1338 2546 1550 2603 humili
1580 2548 1784 2621 aliqua
1814 2554 1942 2606 arte
1971 2565 2138 2623 prae·

268 2633 344 2688 30
375 2629 520 2685 ditis
566 2629 832 2702 gratuito
876 2628 1188 2685 civitatem
1235 2628 1298 2684 in
1330 2625 1584 2684 Graecia
1613 2626 1939 2700 homines
1922 2644 2138 2702 imper·

373 2709 621 2777 tiebant,
655 2707 931 2780 Reginos
961 2707 1138 2764 credo
1180 2712 1284 2763 aut
1328 2705 1661 2762 Locrenses
1704 2712 1812 2762 aut
1851 2705 2138 2783 Neapoli-

374 2794 554 2844 tanos
584 2793 690 2843 aut
733 2787 1111 2856 Tarentinos
1144 2785 1305 2860 quod
1350 2785 1602 2842 scenicis
1649 2785 1982 2843 artificibus
2026 2787 2138 2843 lar-

375 2867 488 2940 giri
530 2866 823 2935 solebant,
853 2865 917 2923 id
961 2864 1100 2922 huic
1142 2882 1383 2921 summa
1423 2864 1655 2939 ingenii
1695 2866 1974 2938 praedito
2015 2866 2138 2941 glo-

373 2946 466 3001 ria
506 2942 815 3003 noluisse?
902 2942 1109 3018 Quid?
1199 2943 1357 3001 Cum
1388 2944 1569 3000 ceteri
1611 2961 1734 3000 non
1775 2944 1960 3003 modo
1998 2947 2138 3021 post

270 3028 344 3083 35
375 3023 690 3081 civitatem
731 3025 955 3094 datam,
988 3023 1095 3081 sed
1125 3023 1310 3080 etiam
1338 3027 1481 3097 post
1508 3024 1707 3096 legem
1738 3022 2001 3098 Papiam
2029 3021 2136 3084 ali-

376 3119 494 3174 quo
528 3102 706 3158 modo
747 3103 811 3159 in
852 3120 1058 3159 eorum
1101 3101 1563 3175 municipiorum
1605 3101 1847 3159 tabulas
1889 3103 2154 3188 irrepsi*

379 3329 717 3400 rejicietur?
803 3331 1036 3390 Census
1091 3340 1332 3392 nostros
1390 3337 1645 3412 requiris
1700 3339 1984 3400 sciliceta»

374 3184 533 3245 runt,
568 3178 681 3247 hic,
712 3180 812 3252 qui
856 3197 929 3235 ne
971 3181 1166 3236 utitur
1206 3180 1447 3253 quidem
1488 3181 1626 3249 illis,
1671 3181 1734 3237 in
1770 3167 2176 3442 quibuq

378 3255 651 3326 scriptus
684 3256 843 3328 quod
875 3273 1109 3328 semper
1147 3275 1211 3314 se
1258 3258 1711 3316 Heracliensem
1753 3277 1890 3318 esse
1919 3277 1964 3318 v
2159 3315 2174 3326 .

2105 3441 2144 3486 ὑ
