2284 3717
224 112 309 176 18
740 126 813 174 11.
860 127 1119 174 ‘runnu
1172 128 1574 175 cicanoms

325 282 791 353 adolescentum,
837 301 1014 359 quem
1065 286 1538 360 corruptelarum
1596 285 1893 343 illecebris
1950 286 2087 345 irre·

324 363 521 431 tisseS‚
546 380 662 418 non
695 371 799 419 aut
829 365 906 420 ad
938 364 1250 420 audaciam
1280 366 1501 422 serrum
1531 372 1637 421 aut
1666 366 1741 422 ad
1773 366 2082 424 libidinem

329 441 516 499 facem
547 442 936 515 praetulisti?
1018 444 1176 516 Quid
1209 443 1395 501 vero?
1474 445 1682 519 Nuper
1710 463 1846 503 cum
1892 455 2084 503 morte

324 523 653 596 superioris
673 523 877 579 uxoris
903 523 1078 579 novis
1102 524 1330 598 nuptiis
1354 525 1595 581 domum
1625 527 2082 596 vacuefecisseS,

190 599 195 604 ’
240 602 296 659 -5
325 619 522 659 nonne
562 602 746 658 etiam
796 602 916 658 alio
956 603 1290 659 incredibili
1336 604 1554 660 scelere
1597 604 1709 660 hoc
1752 605 1948 661 scelus
1989 625 2083 663 cu·

321 680 616 738 malasti?
701 681 878 753 Quod
927 700 1041 756 ego
1093 684 1510 756 praetermitto
1560 690 1621 739 et
1667 684 1837 740 facile
1885 686 2084 759 patior

321 761 503 828 sileri,
547 780 620 817 ne
662 760 725 816 in
769 760 881 818 hac
923 762 1173 820 civitate
1212 765 1366 819 tanti
1411 763 1694 819 facinoris
1735 763 2085 821 immanitas

320 849 425 897 aut
455 840 762 897 exstitisse
795 848 900 897 aut
921 859 1039 898 non
1063 842 1371 898 vindicata
1394 860 1526 899 esse
1553 843 1841 900 videatur.
1904 844 2085 900 Prae-

319 922 590 977 termitto
618 920 824 976 ruinas
855 921 1232 978 fortunarum
1263 928 1522 991 tuarum,
1550 939 1702 996 quas
1732 940 1942 979 omnes
1980 925 2081 979 im-

204 1000 579 1073 ‘IU‘pendere
609 1000 719 1056 tibi
757 1001 1047 1075 proximis
1077 994 1293 1057 Idibus
1338 1002 1598 1058 senties:
1642 1002 1716 1057 ad
1749 1002 1854 1057 illa
1883 1004 2081 1072 veni0,

320 1097 476 1153 quae
501 1097 622 1136 non
653 1080 729 1136 ad
759 1080 1060 1155 privatam
1083 1080 1481 1154 ignominiam
1508 1081 1792 1137 vitiorum
1815 1088 2079 1153 tuorum,

319 1176 440 1215 non
485 1160 562 1216 ad
603 1159 995 1216 domesticam
1043 1166 1214 1217 tuam
1254 1160 1664 1217 difficultatem
1712 1178 1779 1216 ae
1824 1163 2082 1236 turpitu-

317 1238 537 1309 dinem,
588 1239 695 1296 sed
748 1240 826 1296 ad
879 1256 1179 1296 summam
1229 1256 1354 1295 rem
1405 1240 1708 1314 publicam
1760 1247 1942 1314 atque
2003 1242 2079 1298 ad

319 1320 588 1375 omnium
630 1325 906 1376 nostrum
938 1320 1130 1375 vitam
1173 1319 1550 1394 salutemque
1579 1319 1900 1395 pertinent.
1971 1321 2082 1377 Po-

217 1400 286 1456 15
317 1404 513 1456 testne
543 1399 650 1455 tibi
684 1398 830 1455 haec
859 1398 977 1469 lux,
1008 1399 1291 1467 Catilina,
1314 1391 1421 1456 aut
1451 1399 1627 1473 hujus
1650 1399 1793 1455 caeli
1829 1399 2083 1473 spiritus

319 1495 453 1535 esse
492 1479 814 1553 jucundus
848 1496 986 1535 cum
1031 1478 1189 1536 scias
1232 1478 1446 1535 horum
1476 1493 1609 1536 esse
1639 1479 1941 1535 neminem
1974 1480 2079 1555 qui

318 1559 550 1615 nesciat
570 1564 631 1616 te
652 1557 840 1633 pridie
867 1557 1177 1615 Kalendas
1200 1559 1240 1616 J
1247 1558 1529 1614 annarias
1559 1557 1792 1632 Lepido
1816 1565 1878 1615 et
1901 1558 2081 1617 Tullo

246 1678 250 1682 «
320 1638 670 1695 consulibus
713 1637 957 1694 stetisse
1001 1638 1062 1695 in
1105 1637 1352 1695 comitio
1393 1655 1529 1694 cum
1573 1635 1738 1694 telo?
1820 1638 2079 1696 Manum

320 1718 635 1774 consulum
693 1722 757 1774 et
808 1716 1148 1792 principum
1208 1718 1477 1775 civitatis
1533 1716 2078 1775 interficiendorum

215 1798 290 1854 20
320 1814 504 1854 causa
534 1795 894 1872 paravisse?
967 1796 1189 1854 Sceleri
1222 1814 1290 1854 ac
1320 1796 1503 1853 furori
1534 1804 1640 1853 tuo
1664 1814 1782 1853 non
1813 1807 2078 1854 mentem

319 1875 584 1951 aliquam
640 1882 746 1933 aut
793 1877 1073 1932 timorem
1124 1883 1315 1944 tuum,
1358 1876 1465 1932 sed
1515 1876 1819 1952 fortunam
1870 1878 2079 1951 populi

322 1955 587 2013 Romani
639 1953 997 2013 obstitisse?
1081 1957 1178 2013 Ac
1220 1958 1347 2030 jam
1406 1955 1509 2011 illa
1557 1956 2082 2031 omitto—neque·

318 2036 480 2092 enim
523 2041 666 2092 sunt
708 2043 815 2093 aut
843 2036 1099 2092 obscura
1141 2043 1249 2093 aut
1287 2053 1407 2092 non
1437 2034 1630 2092 multa
1660 2035 2083 2092 commissa—-

320 2117 557 2189 quoties
586 2123 651 2172 tu
685 2133 778 2171 me
809 2116 1214 2188 designatum,
1247 2115 1486 2189 quoties
1514 2115 1820 2171 consulem
1861 2115 2084 2173 interfi-

216 2197 289 2253 25
322 2212 452 2252 cere
482 2201 732 2252 conatus
763 2192 862 2251 esl
949 2197 1113 2267 Quot
1154 2213 1266 2269 ego
1296 2201 1435 2251 tuas
1463 2196 1784 2269 petitiones
1815 2194 1905 2251 ita
1945 2213 2085 2252 con·

327 2275 538 2347 jectaS‚
561 2281 629 2331 ut
651 2274 828 2331 vitari
859 2292 1037 2349 posse
1069 2292 1191 2331 non
1215 2274 1575 2343 viderentur,
1601 2292 1789 2349 parva
1814 2275 2081 2349 quadam

321 2354 720 2410 declinatione
763 2360 841 2423 et,
887 2360 956 2409 ut
1013 2354 1200 2423 aiunt,
1247 2370 1494 2427 corpore
1550 2351 1772 2428 effugi!
1870 2353 2082 2430 [Nihil

323 2433 513 2514 agis‚]
542 2434 692 2490 nihil
715 2432 1080 2506 adsequeriS‚
1119 2431 1304 2508 [nihil
1334 2431 1617 2508 moliris,]
1649 2450 1840 2506 neque
1871 2440 2082 2491 tamen

322 2514 520 2570 conari
554 2531 623 2571 ac
646 2513 798 2569 velle
823 2512 1083 2569 desistis.
1160 2513 1411 2586 Quoties
1435 2512 1545 2568 tibi
1576 2514 1706 2586 Jam
1727 2518 1964 2569 extorta
1984 2519 2085 2572 est

215 2594 292 2651 30
323 2592 443 2651 ista
485 2594 613 2650 sica
654 2593 729 2649 de
775 2590 1104 2649 manibus?
1188 2592 1442 2664 Quoties
1482 2610 1625 2649 vero
1667 2592 1892 2649 excidit
1934 2610 2085 2650 casu

321 2673 522 2748 aliquo
552 2679 614 2730 et
635 2672 841 2746 elapsa
868 2669 995 2728 esti
1082 2671 1346 2749 [Tamen
1376 2689 1448 2727 ea
1470 2689 1670 2728 carere
1694 2671 1926 2727 diutius
1957 2690 2084 2729 non

319 2760 495 2828 potes
518 2751 568 2829 3]
613 2770 766 2827 quae
805 2752 1048 2826 quidem
1088 2751 1312 2825 quibus
1353 2752 1461 2807 abs
1501 2757 1561 2807 te
1604 2751 1848 2809 initiata
1890 2753 2087 2810 sacris

323 2851 391 2890 ac
420 2834 643 2890 devota
667 2832 749 2888 sit
770 2832 989 2900 nesciO,
1012 2831 1173 2905 quod
1204 2848 1339 2888 eam
1368 2848 1614 2888 necesse
1642 2837 1820 2906 putas
1850 2848 1984 2888 esse
2017 2831 2085 2890 in

321 2912 587 2970 consulis
616 2928 862 2987 corpore
891 2909 1164 2984 defigere.

217 2992 292 3049 35
405 2993 457 3052 Ἰ.
503 2990 682 3048 Nunc
712 3008 852 3047 vero
885 3007 1037 3066 quae
1080 2995 1190 3047 tua
1228 2994 1325 3046 est
1366 2988 1486 3047 ista
1514 2987 1689 3047 vita?
1774 2987 1876 3047 Sic
1916 2989 2086 3047 enim

328 3072 456 3145 jam
503 3076 701 3127 tecum
741 3068 968 3145 loquar,
1007 3087 1126 3127 non
1170 3076 1240 3125 ut
1282 3068 1422 3126 odio
1462 3074 1772 3143 permotus
1813 3085 1946 3125 esse
1991 3070 2084 3126 vi-

325 3150 485 3219 dear,
538 3166 658 3222 quo
715 3148 921 3217 dehac,
981 3148 1087 3204 sed
1143 3153 1214 3205 ut
1269 3148 1696 3217 misericordia,
1756 3165 1913 3221 quae
1968 3150 2087 3207 tibi

325 3228 492 3283 nulla
535 3228 798 3283 debetur.
896 3226 1139 3288 ,Venisti
1200 3228 1383 3301 paulo
1444 3234 1582 3284 ante
1642 3228 1705 3283 in
1764 3232 2088 3288 senatum:

328 3304 464 3376 quis
500 3310 560 3361 te
594 3322 668 3361 ex
706 3304 818 3362 hac
855 3312 1031 3362 tanta
1071 3305 1427 3380 frequentia,
1456 3312 1551 3364 tot
1583 3324 1659 3365 ex
1699 3307 1825 3365 tuis
1869 3307 2090 3367 amicis

2241 331 2271 2448 Q*mm-—-a„
