2284 3717
435 184 532 228 DE
581 181 901 228 ΙΜΡΕΒΙΟ
954 181 1420 228 cN.PoMPm1
1472 181 1771 230 ORATIO.
1948 165 2030 232 79

157 358 229 398 ca
259 339 359 396 his
389 339 636 396 amissis
663 338 987 412 vectigalia
1014 343 1230 414 postea
1253 338 1508 395 victoria
1537 357 1887 412 recuperare
1911 359 1927 413 3

160 438 355 494 neque
401 420 565 476 enim
618 419 811 475 isdem
854 418 1184 475 redimendi
1230 418 1486 475 facultas
1528 420 1644 475 erit
1685 425 1928 494 propter

159 500 579 556 calamitatem
623 517 818 572 neque
863 499 998 554 aliis
1029 498 1313 553 voluntas
1356 504 1598 571 propter
1630 500 1921 556 timorem.

159 579 398 635 Deinde
423 580 584 653 quod
613 596 723 634 nos
746 578 957 634 eadem
981 578 1135 634 Asia
1160 585 1341 651 atque
1363 577 1520 634 idem
1551 578 1663 635 iste
1689 579 1927 635 Mithri-

159 659 338 714 dates
388 658 565 715 initio
613 658 752 713 belli
800 658 1059 714 Asiatici
1104 657 1324 726 docuit,
1370 655 1429 714 id
1474 659 1717 732 quidem
1765 665 1923 715 certe
1994 658 2031 716 5

158 738 516 794 calamitate
561 738 724 794 docti
768 738 1058 794 memoria
1106 735 1363 793 retinere
1408 738 1733 795 debemus:
1784 756 1926 794 nam

156 823 308 885 tum,
343 835 478 873 cum
526 817 590 872 in
624 817 779 873 Asia
812 834 908 873 res
950 834 1209 889 magnas
1250 817 1537 890 permulti
1580 818 1925 887 amiserant,

156 897 389 954 scimus
424 897 659 953 Romae
693 897 990 953 solutione
1029 896 1320 970 impedita
1351 896 1526 953 fidem
1557 897 1925 970 concidisse3

156 994 282 1033 non
305 977 467 1032 enim
494 984 757 1050 possunt
787 994 905 1031 una
928 976 987 1031 in
1013 975 1262 1032 civitate
1299 976 1472 1032 multi
1499 994 1623 1032 rem
1656 994 1725 1033 ac
1749 977 1931 1032 fortu-

156 1073 272 1113 nas
306 1056 608 1125 amittere,
630 1064 701 1112 ut
725 1073 841 1112 non
865 1056 1068 1130 plures
1095 1073 1298 1112 secum
1324 1055 1382 1110 in
1406 1057 1657 1112 eandem
1683 1056 1928 1112 trahant
1961 1057 2034 1112 10

155 1136 594 1192 calamitatem.
643 1136 701 1192 A
725 1153 842 1208 quo
863 1135 1124 1210 periculo
1146 1135 1459 1209 prohibete
1480 1153 1604 1192 rem
1623 1135 1923 1209 publicam

154 1222 220 1272 et
249 1215 403 1271 mihi
428 1215 672 1283 credite,
697 1215 758 1271 id
784 1215 945 1288 quod
974 1215 1088 1289 ipsi
1113 1215 1368 1271 videtis:
1403 1214 1548 1272 haec
1572 1215 1717 1271 fides
1748 1221 1927 1289 atque

155 1294 310 1351 haec
355 1294 510 1350 ratio
552 1295 963 1368 pecuniarum,
1002 1312 1156 1369 quae
1203 1294 1454 1364 Romae,
1495 1313 1648 1369 quae
1693 1295 1756 1349 in
1799 1295 1927 1350 foro

157 1379 462 1442 versatur,
505 1374 819 1449 implicata
860 1381 956 1430 est
994 1392 1130 1430 cum
1163 1373 1282 1429 illis
1322 1376 1592 1447 pecuniis
1634 1374 1926 1430 Asiaticis

154 1459 218 1510 et
263 1453 587 1526 cohaeret;
645 1470 814 1509 ruere
858 1453 964 1509 illa
1005 1471 1125 1510 non
1174 1461 1444 1526 possunt,
1493 1461 1563 1510 ut
1606 1453 1755 1510 haec
1805 1470 1924 1509 non
1957 1453 2028 1510 15

155 1534 375 1590 eodem
437 1532 739 1589 labefacta
792 1539 960 1589 motu
1018 1533 1355 1590 concidant.
1447 1534 1644 1606 Quare
1703 1533 1921 1602 videte,

156 1630 309 1669 num
334 1612 736 1668 dubitandum
767 1613 938 1668 vobis
969 1613 1050 1669 sit
1080 1613 1241 1668 omni
1272 1609 1473 1669 studio
1505 1614 1578 1669 ad
1612 1613 1669 1669 id
1703 1612 1924 1668 bellum

158 1692 530 1761 incumbere,
573 1692 634 1747 in
677 1710 797 1766 quo
841 1692 1036 1765 gloria
1075 1692 1336 1748 nominis
1381 1694 1581 1760 vestri,
1629 1693 1794 1748 salus
1838 1701 1927 1747 so-

158 1773 412 1840 ciorum,
473 1771 800 1844 vectigalia
855 1773 1136 1839 maxima,
1197 1771 1470 1828 fortunae
1532 1772 1924 1846 plurimorum

159 1851 388 1908 civium
420 1852 773 1923 conjunctae
796 1868 929 1907 cum
956 1869 1018 1907 re
1037 1850 1279 1926 publica
1303 1852 1715 1908 defendantur.
1956 1850 2030 1906 20

183 1913 296 2014 (3.
349 1930 649 2002 Quoniam
695 1930 768 1986 de
811 1946 1028 2002 genere
1058 1929 1199 1985 belli
1228 1929 1373 2000 dixi,
1406 1949 1563 1987 nunc
1593 1932 1665 1987 de
1696 1929 1925 2002 magni-

158 2010 376 2067 tudine
429 2027 622 2083 pauea
670 2010 883 2065 dicam.
973 2008 1188 2065 Potest
1236 2007 1349 2065 hoc
1395 2010 1554 2066 enim
1604 2010 1739 2078 dici,
1784 2008 1925 2064 belli

160 2106 361 2163 genus
403 2105 538 2144 esse
581 2088 668 2144 ita
709 2088 1133 2156 necessarium,
1182 2094 1249 2144 ut
1292 2088 1373 2144 sit
1414 2090 1760 2162 gerendum,
1804 2106 1923 2143 non

158 2186 294 2225 esse
341 2169 432 2223 ita
476 2185 781 2241 magnum,
828 2173 896 2223 ut
946 2167 1025 2222 sit
1067 2168 1648 2241 pertimescendum:
1700 2170 1761 2223 in
1804 2185 1923 2242 quo

160 2247 429 2303 maxime
474 2246 906 2303 elaborandum
951 2253 1045 2303 est
1093 2266 1168 2303 ne
1217 2247 1370 2303 forte
1419 2267 1491 2303 ea
1535 2249 1723 2316 vobiS,
1770 2265 1923 2320 quae
1954 2249 2027 2307 25

159 2326 633 2400 diligentissime
685 2327 1058 2400 providenda
1109 2334 1267 2395 sunt,
1312 2328 1750 2384 contemnenda
1790 2344 1923 2383 esse

161 2407 506 2466 videantur.
592 2406 799 2479 Atque
829 2411 897 2461 ut
927 2423 1135 2461 omnes
1178 2406 1525 2480 intelligant
1565 2425 1659 2463 me
1704 2407 1772 2463 L.
1809 2406 1925 2462 Lu-

160 2486 321 2542 cullo
352 2491 595 2542 tantum
628 2485 929 2558 impertire
959 2485 1176 2553 laudiS,
1208 2495 1502 2559 quantum
1533 2487 1672 2543 forti
1708 2487 1833 2542 viro
1862 2490 1924 2542 et

161 2564 433 2639 sapienti
466 2564 692 2619 homini
724 2571 784 2620 et
814 2582 1037 2638 magno
1068 2565 1414 2639 imperatori
1451 2566 1758 2633 debeatur,
1790 2566 1921 2622 dico

160 2646 291 2718 ejus
334 2644 609 2701 adventu
653 2644 950 2699 maximas
1002 2643 1348 2700 Mithridati
1394 2645 1600 2719 copias
1646 2646 1924 2702 omnibus
1952 2648 2029 2705 :30

161 2725 345 2781 rebus
406 2728 655 2779 ornatas
713 2729 890 2797 atque
947 2724 1276 2779 instructas
1332 2724 1536 2795 fuisse,
1596 2726 1921 2799 urbemque

164 2804 354 2860 Asiae
387 2802 787 2859 clarissimam
820 2803 1112 2876 nobisque
1159 2804 1605 2872 amicissimam,
1642 2805 1924 2877 Cyzicen-

164 2900 352 2950 orum,
382 2883 698 2938 obsessam
729 2899 860 2937 esse
893 2883 968 2938 ab
998 2883 1130 2956 ipso
1172 2900 1311 2952 rege
1350 2884 1611 2939 maxima
1657 2885 1923 2939 multitu-

164 2962 299 3019 dine
321 2968 384 3019 et
408 2968 823 3035 oppugnatam
849 2961 1385 3030 vehementissime,
1409 2981 1587 3037 quam
1613 2962 1682 3019 L.
1709 2964 1923 3019 Lucul-

165 3042 256 3098 lus
290 3043 538 3118 virtute,
574 3041 950 3109 assiduitate,
997 3040 1248 3097 consilio
1292 3042 1545 3116 summis
1589 3043 1918 3098 obsidionis
1956 3043 2026 3096 ”25

164 3122 449 3195 periculis
500 3120 816 3176 liberavit:
877 3121 953 3176 ab
1002 3121 1211 3176 eodem
1263 3121 1619 3195 imperatore
1670 3124 1918 3177 classem

165 3218 453 3274 magnam
497 3206 560 3255 et
606 3205 901 3268 ornatam,
933 3217 1086 3274 quae
1130 3200 1387 3256 ducibus
1435 3201 1795 3257 Sertorianis
1845 3199 1918 3254 ad

166 3279 409 3338 Italiam
435 3280 641 3336 studio
662 3284 838 3353 atque
859 3280 996 3335 odio
1019 3279 1393 3335 inflammata
1411 3286 1731 3352 raperetur,
1755 3295 1914 3349 supe

164 3366 356 3417 ratam
380 3376 516 3417 esse
542 3367 726 3433 atque
750 3359 1100 3433 depressam
1123 3380 1137 3431 ;
1181 3376 1437 3432 magnas
1462 3356 1728 3413 hostium
1756 3372 1909 3429 prae·
