2284 3717
629 469 733 540 M.
785 465 1113 537 TULLII-
1159 466 1653 538 CICERONIS

201 683 331 771 DE
398 681 862 771 IMPERIO
934 679 1092 770 GN.
1136 680 1571 770 POMPEII
1628 681 1767 770 AD
1841 679 2080 772 QUI-

756 823 1058 911 RITES
1123 824 1539 934 ORATIO,

594 1043 795 1105 SIVE
839 1045 996 1105 PRO
1040 1044 1258 1105 LEGE
1302 1042 1698 1105 MANILIA.

283 1396 332 1453 1.
381 1395 791 1468 QUAMQUAM
832 1394 982 1450 mihi
1029 1411 1267 1469 semper
1296 1395 1575 1470 frequens
1617 1400 1976 1467 conspectus

200 1480 404 1531 vester
460 1473 664 1530 multo
711 1474 1210 1545 jucundissimus»,
1264 1474 1361 1531 hie
1417 1482 1618 1530 autem
1676 1474 1842 1529 locus
1898 1473 1978 1530 ad

202 1553 515 1627 agendum
578 1552 1008 1627 amplissimus,
1057 1554 1132 1611 ad
1191 1552 1509 1609 dicendum
1554 1553 1978 1609 ornatissimus

201 1639 294 1689 est
351 1634 549 1702 visus,
614 1632 899 1703 QuiriteS‚
950 1638 1158 1688 tamen
1217 1631 1329 1689 hoc
1385 1633 1552 1688 aditu
1606 1632 1821 1701 laudiS,
1873 1631 1977 1706 qui

203 1728 446 1785 semper
477 1710 715 1786 optimo
745 1712 959 1784 cuique
1001 1712 1260 1768 maxime
1300 1711 1517 1785 patuit,
1553 1728 1670 1767 uon
1713 1729 1850 1767 mea
1881 1729 1974 1767 me
2046 1713 2081 1769 5

202 1792 496 1849 voluntas
531 1790 749 1859 adhuc,
782 1790 888 1846 sed
919 1790 1082 1847 vitae
1119 1808 1287 1847 meae
1318 1790 1584 1847 rationes
1627 1791 1702 1846 ab
1731 1790 1975 1847 ineunte

207 1878 408 1927 aetate
455 1879 780 1943 susceptae
809 1868 1284 1943 prohibuerunt:
1329 1887 1467 1925 nam
1499 1886 1632 1926 cum
1664 1875 1845 1925 antea
1874 1886 1979 1942 per

206 1959 474 2006 aetatem
518 1949 790 2004 nondum
834 1949 1012 2021 hujus
1056 1949 1478 2005 auctoritatem
1520 1949 1632 2005 loci
1677 1950 1974 2021 attingere

205 2030 497 2086 auderem
548 2033 998 2102 statueremque
1044 2028 1194 2083 nihil
1240 2027 1355 2084 huo
1385 2027 1501 2083 nisi
1535 2028 1863 2101 perfectum
1895 2028 1977 2084 in-

204 2110 405 2183 geni0,
441 2108 829 2165 elaboratum
870 2107 1171 2166 industria
1215 2108 1435 2163 adferri
1480 2113 1768 2180 oportere,
1801 2125 1976 2164 omne
2001 2111 2088 2184 *10

204 2206 408 2245 meum
427 2194 678 2260 tempus
703 2186 1032 2243 amicorum
1049 2187 1420 2261 temporibus
1440 2187 1976 2243 transmittendum

202 2266 616 2341 putavi.1ta
646 2283 837 2339 neque
869 2265 966 2322 hic
995 2266 1164 2322 loeus
1187 2283 1415 2322 vacuus
1446 2283 1728 2339 umquam
1760 2265 1874 2322 fuit
1904 2267 1977 2323 ab

202 2346 310 2417 eiS‚
343 2346 456 2422 qni
489 2350 762 2401 vestram
804 2362 1050 2401 eausam
1080 2345 1486 2413 defenderent,
1516 2355 1579 2401 et
1607 2362 1778 2401 meus
1808 2346 1979 2402 labor

205 2426 268 2482 in
296 2427 692 2501 privatorum
720 2418 1000 2497 perieulis
1031 2430 1195 2480 caste
1225 2424 1574 2498 integreque
1599 2430 1876 2482 versatus
1905 2442 1979 2481 ex

203 2511 412 2562 vestro
434 2503 672 2578 judicio
701 2502 963 2560 fructum
992 2509 1088 2559 est
1116 2504 1555 2578 amplissimum
1584 2511 1975 2562 consecutus:
2011 2506 2081 2564 15

182 2589 346 2641 'nam
377 2599 526 2641 cum
557 2587 800 2656 propter
828 2582 1179 2638 dilationem
1211 2583 1588 2639 comitiorum
1616 2588 1709 2639 ter
1735 2590 1978 2656 praetor

201 2664 446 2737 primus
479 2661 773 2717 centuriis
811 2662 1042 2718 cunctis
1071 2662 1457 2718 renuntiatus
1501 2678 1653 2731 sum,
1685 2662 1858 2719 facile
1892 2663 1975 2719 in-

199 2741 434 2811 tellexi,
472 2739 761 2812 QuiriteS‚
793 2746 855 2796 et
899 2741 1043 2816 quid
1089 2741 1163 2797 de
1207 2759 1300 2797 me
1339 2741 1694 2813 judicaretis
1739 2750 1802 2798 et
1829 2742 1975 2816 quid

202 2822 340 2878 aliis
371 2819 894 2896 praescriberetis
952 2819 1011 2876 N
1016 2838 1130 2877 une
1153 2838 1288 2877 oum
1311 2826 1373 2876 et
1392 2820 1771 2876 auctoritatis
1794 2821 1858 2877 iu
1880 2838 1975 2877 me

201 2907 454 2958 tantum
488 2898 588 2966 sit,
623 2906 915 2972 quantum
939 2916 1049 2955 vos
1080 2899 1411 2956 honoribus
1450 2900 1810 2956 mandandis
1841 2919 1974 2957 esse
2006 2904 2081 2959 20

200 2979 525 3049 voluistis,
546 2982 610 3033 et
632 2978 708 3033 ad
735 2979 1037 3051 agendum
1068 2975 1376 3035 facuItatis
1404 2983 1661 3047 tantum,
1684 2985 1976 3052 quantum

201 3058 445 3117 homini
483 3057 771 3130 vigilanti
801 3075 874 3114 ex
901 3057 1123 3113 forensi
1154 3076 1269 3114 usu
1298 3074 1480 3132 prope
1510 3058 1867 3132 quotidiana
1894 3059 1979 3115 di-

201 3138 381 3197 cendi
404 3135 767 3194 exercitatio
789 3136 989 3210 potuit
1011 3137 1258 3207 adferre,
1281 3142 1436 3193 certe
1460 3141 1521 3193 et
1544 3137 1596 3192 si
1613 3136 1756 3209 quid
1779 3143 1979 3193 aueto-

198 3218 408 3275 ritatis
440 3216 507 3272 in
536 3231 636 3306 me
666 3220 775 3284 est,
810 3216 970 3288 apud
1000 3232 1105 3272 eos
1146 3221 1298 3284 utar,
1331 3214 1435 3287 qui
1463 3232 1595 3269 eam
1625 3213 1775 3268 mihi
1806 3215 1978 3269 dede-

199 3303 362 3370 runt,
410 3300 481 3353 et
528 3294 583 3352 si
633 3260 778 3367 quid
829 3294 892 3350 in
939 3294 1194 3351 dicendo
1244 3292 1529 3364 consequi
1573 3305 1838 3409 possum,
1886 3292 1974 3345 eis
2004 3290 2079 3344 25

1761 3364 1787 3411 7
