2284 3717
166 191 251 239 m
303 188 823 238 M.ANTON1UM
874 188 1154 236 offirmo
1206 188 1651 237 PHILIPPICA
1686 190 1793 238 1x.
1857 176 1981 239 195

198 351 254 407 3.
301 347 539 422 Itaque,
565 351 774 421 patres
798 345 1136 421 conscripti,
1164 345 1216 402 si
1250 344 1375 403 Ser.
1411 344 1676 421 Sulpicio
1699 365 1877 406 casus

121 433 381 485 mortem
432 427 760 498 attulisset,
812 427 1073 484 dolerem
1127 425 1371 501 quidem
1418 431 1590 484 tanto
1639 427 1725 484 rei
1775 447 1878 502 pu-

121 506 313 565 blicae
345 508 614 576 vulnere,
646 512 900 563 mortem
946 523 1088 563 vero
1131 508 1261 579 ejus
1303 523 1420 561 non
1466 515 1872 579 monument-0,

121 588 227 644 sed
270 588 440 644 luctu
483 587 724 661 publico
765 604 897 642 esse
938 586 1275 642 ornandam
1318 591 1607 661 putarem.
1696 586 1874 645 Nunc

120 673 325 723 autem
376 667 514 742 quis
561 666 799 722 dubitat
844 665 993 739 quin
1041 665 1098 722 ei
1142 666 1339 721 vitam
1378 666 1698 723 abstulerit
1743 668 1875 742 ipsa
1942 669 1978 725 5

118 744 393 820 legatio?
482 745 701 803 Secum
745 745 907 801 enim
948 745 1047 801 ille
1090 754 1347 801 mortem
1389 746 1624 814 extulit,
1671 765 1870 821 quam,

119 825 170 882 si
212 826 533 883 nobiscum
570 825 979 895 remansisset,
1013 842 1125 881 sua
1166 842 1325 895 cura,
1357 826 1571 899 optimi
1604 826 1703 882 filii
1736 827 1873 883 fide-

117 904 501 980 lissimaeque
526 905 800 979 conjugis
829 904 1151 978 diligentia
1171 904 1364 961 vitare
1393 906 1709 981 potuisset.
1783 909 1873 964 At

115 985 215 1041 ille
261 1003 399 1042 cum
448 984 700 1054 videret,
749 984 802 1040 si
848 992 1089 1040 vestrae
1140 985 1489 1042 auctoritati
1534 1003 1657 1042 non
1698 1003 1874 1062 paru-

115 1064 282 1136 isset,
318 1063 680 1122 dissimilem
712 1080 775 1121 se
814 1064 1083 1121 futurum
1126 1064 1237 1133 sui,
1270 1065 1363 1121 sin
1393 1065 1714 1139 paruisset,
1745 1083 1876 1121 mu·
1906 1069 1978 1127 10

113 1161 230 1202 nus
267 1145 386 1201 sibi
417 1144 569 1200 illud
598 1160 703 1217 pro
733 1160 796 1199 re
829 1143 1070 1219 publica
1106 1150 1456 1220 susceptum
1488 1145 1649 1202 vitae
1693 1145 1870 1202 finem

111 1224 255 1292 fore,
280 1224 498 1281 maluit
526 1224 588 1279 in
612 1223 877 1280 maximo
900 1223 986 1279 rei
1011 1223 1288 1297 publicae
1313 1224 1659 1281 discrimine
1682 1225 1871 1282 emori

111 1322 297 1378 qnam
330 1305 534 1360 minus
563 1320 741 1378 quam
773 1303 1073 1377 potuisset
1102 1303 1295 1359 videri
1324 1303 1410 1361 rei
1437 1305 1714 1380 publicae
1743 1322 1874 1381 pro-

111 1384 316 1446 fuisse.
403 1382 624 1439 Multis
655 1382 742 1439 illi
773 1382 835 1438 in
865 1383 1131 1453 urbibus,
1162 1383 1278 1440 iter
1316 1401 1435 1458 qua
1477 1384 1754 1453 faciebat,
1787 1402 1873 1441 re-

111 1463 352 1520 ficiendi
381 1480 445 1519 se
476 1468 539 1518 et
567 1462 817 1520 curandi
844 1467 1120 1538 potestas
1162 1462 1293 1520 fuit.
1380 1463 1618 1521 Aderat
1645 1469 1707 1521 et
1738 1463 1873 1520 hos-
1908 1468 1975 1524 15

110 1542 305 1618 pitum
339 1543 628 1598 invitatio
659 1542 925 1599 liberalis
954 1559 1062 1617 pro
1093 1542 1396 1615 dignitate
1428 1544 1647 1600 summi
1673 1543 1783 1600 viri
1808 1549 1871 1600 et

111 1638 316 1678 eorum
353 1621 637 1691 hortatio,
671 1622 772 1696 qui
804 1640 926 1679 una
955 1628 1128 1678 erant
1158 1623 1345 1693 missi,
1380 1624 1456 1679 ad
1497 1624 1868 1699 requiescen-

113 1701 258 1758 dum
288 1708 354 1758 et
381 1703 549 1758 vitae
594 1718 738 1758 suae
782 1701 1251 1761 consulendum:
1296 1709 1361 1759 at
1390 1703 1489 1759 ille
1519 1721 1866 1778 properanS,

113 1780 431 1851 festinanS,
463 1782 755 1837 mandata
784 1786 988 1838 vestra
1019 1781 1303 1838 conficere
1347 1783 1611 1857 cupienS,
1646 1783 1708 1839 in
1755 1782 1868 1841 hac

115 1862 460 1919 constantia
509 1861 716 1917 morbo
774 1861 1133 1918 adversante
1192 1863 1641 1936 perseveravit3
1699 1864 1868 1937 cujus
1898 1867 1974 1924 20

115 1958 247 1998 cum
293 1942 572 1998 adventu
615 1940 876 1997 maxime
918 1941 1308 2016 perturbatus
1349 1948 1511 1999 esset
1540 1942 1865 2013 AntoniuS,

115 2022 270 2094 quod
302 2039 394 2089 ea,
429 2038 582 2095 quae
614 2021 729 2077 sibi
750 2022 928 2093 jussu
957 2027 1163 2077 vestro
1193 2021 1704 2092 denuntiarentur,
1734 2040 1869 2079 auc·

114 2101 361 2157 toritate
404 2105 580 2157 erant
619 2105 680 2156 et
710 2100 1015 2157 sententia
1059 2099 1185 2157 Ser.
1222 2100 1472 2176 Sulpicii
1516 2102 1865 2173 constituta,

116 2179 452 2237 declaravit
507 2197 688 2254 quam
747 2180 979 2237 odisset
1028 2187 1327 2248 senatum,
1375 2199 1508 2237 cum
1560 2188 1866 2239 auctorem

116 2266 365 2317 senatus
388 2260 721 2316 extinctum
746 2259 901 2317 laete
930 2265 1110 2333 atque
1136 2259 1464 2317 insolenter
1486 2261 1643 2317 tulit.
1724 2261 1783 2319 N
1789 2280 1866 2319 on
1897 2264 1972 2323 25

115 2337 303 2413 igitur
332 2338 531 2413 magis
564 2339 858 2413 Leptines
889 2339 1209 2397 Octavium
1242 2357 1349 2396 nec
1381 2340 1731 2397 Veientium
1762 2359 1866 2399 rex

116 2435 231 2488 eos,
264 2436 419 2495 quos
450 2419 630 2475 modo
658 2419 987 2489 nominavi,
1019 2437 1201 2494 quam
1246 2418 1368 2477 Ser.
1407 2419 1743 2494 Sulpicium
1775 2440 1868 2478 oc-

117 2498 260 2555 cidit
303 2498 652 2556 Antonius:
713 2498 766 2555 is
812 2499 970 2556 enim
1019 2498 1286 2573 profecto
1336 2506 1591 2556 mortem
1643 2502 1864 2572 attulit,

118 2578 216 2651 qui
246 2595 430 2634 causa
462 2578 678 2635 mortis
721 2578 850 2635 fuit.
939 2578 1231 2651 Quocirca
1270 2580 1456 2635 etiam
1502 2580 1578 2636 ad
1620 2582 1869 2654 posteri-

116 2657 262 2714 tatis
317 2658 673 2714 memoriam
735 2658 1033 2732 pertinere
1097 2659 1355 2715 arbitror
1409 2665 1646 2716 exstare
1705 2662 1865 2736 quod
1895 2665 1972 2721 30

120 2735 299 2793 fuerit
327 2738 400 2794 de
433 2736 546 2797 hoc
577 2737 733 2793 bello
754 2738 1045 2822 judicium
1079 2744 1359 2795 senatus:
1404 2739 1516 2796 erit
1545 2740 1706 2796 enim
1749 2748 1868 2798 sta-

118 2820 226 2872 tua
266 2817 400 2892 ipsa
440 2816 622 2873 testis
663 2817 887 2873 bellum
931 2810 1056 2873 ta'm
1101 2835 1287 2891 grave
1332 2818 1534 2887 fuisse,
1568 2826 1637 2876 ut
1678 2821 1866 2895 legati

121 2894 396 2953 interitus
441 2895 688 2955 honoris
717 2898 1071 2953 memoriam
1102 2903 1462 2954 consecutus
1491 2899 1585 2955 sit.

202 2978 249 3030 4.
283 2976 459 3048 Quod
489 2976 541 3032 si
572 2977 1022 3033 excusationem
1058 2976 1181 3034 Ser.
1211 2976 1477 3050 Sulpicii,
1504 2985 1708 3052 patres
1734 2997 1866 3036 con-

121 3053 342 3128 scripti,
363 3055 687 3130 legationis
706 3058 1016 3113 obeundae
1034 3057 1678 3127 recordaiivolueritis‚
1700 3059 1866 3114 nulla
1895 3060 1970 3116 35

123 3132 415 3192 dubitatio
440 3134 814 3210 relinquetur
836 3137 979 3210 quin
1005 3135 1229 3192 honore
1254 3137 1492 3205 mortui,
1517 3156 1696 3212 quam
1726 3139 1864 3194 vivo

122 3211 393 3284 injuriam
423 3215 693 3285 fecimus,
721 3216 1068 3273 sarciamus,
1143 3216 1276 3272 Vos
1305 3217 1483 3285 enim,
1505 3224 1708 3291 patres
1733 3234 1866 3272 con·

125 3291 339 3366 scripti,
358 3312 645 3374 —grave
690 3295 853 3351 dictu
895 3300 1006 3364 est,
1054 3295 1160 3351 scd
1203 3295 1522 3351 dicendum
1567 3300 1864 3350 tamen—

125 3386 250 3442 voS‚
291 3373 554 3450 inquam,
589 3373 714 3432 Ser.
764 3342 1099 3450 Sulpicibm
1142 3374 1272 3430 vita
1313 3373 1638 3447 privassss:
1685 3388 1863 3445 quem
