2284 3717
307 146 434 214 174
821 161 893 208 M.
926 160 1187 207 'runnu
1237 159 1638 207 omsnoms

410 336 520 375 nos
571 317 693 375 Ser.
743 315 1026 392 SulpiciO,
1101 315 1436 373 clarissimo
1479 317 1626 387 vire,
1671 317 1884 389 voluit,
1932 335 2007 374 ne
2047 337 2157 393 qua

406 399 617 456 tabula
646 407 784 471 post
815 398 962 454 Idus
994 396 1251 452 Martias
1274 395 1457 452 ullius
1481 397 1703 454 decreti
1736 397 2027 455 Caesaris
2055 405 2152 455 aut

408 478 676 535 beneficii
737 477 1030 551 figeretur.
1125 470 1326 531 Multa
1382 483 1693 550 praetereo
1749 495 1943 552 eaque
1999 496 2153 551 prae-

409 559 599 630 clara3
630 557 706 614 ad
737 557 1041 629 singulare
1064 557 1225 611 enim
1258 554 1341 611 M.
1372 557 1623 612 Antonii
1659 557 1884 612 factum
1916 558 2153 613 festinat

303 639 338 695 5
410 638 633 694 oratio:
681 637 1064 704 dictaturam,
1098 652 1253 708 quae
1275 636 1405 708 jam
1438 636 1562 691 vim
1606 637 1809 709 regiae
1841 637 2152 710 potestatis

409 717 740 783 obsederat,
774 716 1048 771 funditus
1090 733 1167 771 ex
1207 732 1269 770 re
1311 715 1552 789 publica
1595 716 1881 788 sustulit3
1926 715 2000 771 de
2044 733 2153 788 qua

409 813 482 851 ne
528 796 862 851 sententias
911 794 1156 869 quidem
1221 794 1518 851 diximus:
1579 795 1872 868 scriptum
1916 804 2154 851 senatus

409 876 750 932 consultum
775 875 935 949 quod
972 873 1096 930 fieri
1131 873 1312 930 vellet
1341 874 1564 943 attulit,
1597 892 1715 948 quo
1746 874 2001 930 recitato
2031 892 2155 930 auc-

411 955 719 1011 toritatem
769 957 897 1027 ejus
947 971 1184 1009 summo
1241 953 1443 1009 studio
1494 954 1685 1010 secuti
1727 970 1942 1009 sumus
1989 954 2152 1027 eique

311 1036 379 1090 10
410 1033 802 1107 amplissimis
845 1033 1048 1089 verbis
1088 1049 1194 1106 per
1235 1038 1483 1089 senatus
1533 1032 1878 1089 consultum
1929 1033 2152 1106 gratias

409 1115 661 1188 egimus,

521 1196 571 1249 2.
636 1192 773 1249 Lux
827 1192 1125 1266 quaedam
1158 1190 1481 1247 videbatur
1535 1190 1741 1247 oblata
1805 1208 1927 1247 non
1986 1190 2155 1247 modo

411 1289 614 1345 regne,
659 1271 821 1346 quod
860 1271 1314 1346 pertuleramUS,
1360 1271 1467 1327 sed
1510 1271 1692 1327 etiam
1734 1270 1908 1344 regni
1953 1271 2156 1326 timore

412 1351 668 1420 sublate,
700 1368 1106 1424 magnumque
1137 1350 1360 1424 pignus
1406 1350 1480 1406 ab
1509 1367 1579 1406 eo
1615 1350 1701 1406 rei
1743 1350 2025 1424 publicae
2066 1351 2159 1407 da-

314 1435 380 1490 15
411 1435 558 1500 tum,
593 1448 657 1487 se
687 1430 936 1487 liberam
968 1430 1279 1486 civitatem
1308 1446 1442 1485 esse
1472 1429 1643 1499 velle,
1676 1447 1813 1485 cum
1849 1429 2158 1486 dictatoris

412 1528 646 1579 nomen,
675 1511 831 1584 quod
863 1528 1039 1584 saepe
1055 1510 1285 1582 justum
1321 1509 1547 1575 fuisset,
1574 1515 1817 1582 propter
1838 1516 2159 1583 perpetuae

412 1590 749 1647 dictaturae
792 1599 1087 1646 recentem
1134 1589 1482 1644 memoriam
1525 1588 1799 1644 funditus
1842 1605 1920 1644 ex
1963 1606 2024 1644 re
2064 1606 2162 1663 pu-

414 1669 571 1726 blica
612 1669 976 1726 sustulisset.
1073 1669 1398 1725 Liberatus
1429 1667 1693 1741 periculo
1723 1668 1929 1724 caedis
1958 1667 2161 1743 paucis

411 1757 551 1821 post
593 1748 805 1805 diebus
848 1753 1132 1820 senatus;
1192 1765 1379 1804 uncus
1422 1748 1720 1821 impactus
1762 1755 1860 1804 est
1903 1748 2159 1822 fugitivo

311 1833 384 1889 20
415 1828 519 1897 illi,
572 1827 675 1902 qui
724 1829 786 1883 in
836 1827 1019 1884 Marii
1069 1845 1288 1883 nomen
1345 1827 1667 1883 invaserat.
1755 1827 1965 1901 Atque
2024 1826 2162 1883 haec

415 1907 618 1963 omnia
647 1908 1044 1964 communiter
1072 1924 1206 1962 cum
1243 1906 1510 1980 collega;
1554 1906 1673 1962 alia
1714 1923 1897 1980 porro
1925 1907 2163 1981 propria

415 1987 784 2055 Dolabellae,
836 2004 1006 2061 quae,
1068 1986 1189 2042 nisi
1245 1986 1478 2059 collega
1533 1985 1804 2054 afuisset,
1857 1986 2035 2043 credo
2078 1986 2162 2042 eis

415 2067 620 2124 futura
676 2067 861 2123 fuisse
918 2066 1270 2123 communia.
1375 2065 1534 2121 Nam
1591 2083 1727 2122 cum
1786 2070 2055 2140 serperet
2106 2064 2164 2120 in

417 2147 624 2202 urbem
687 2146 982 2201 infinitum
1052 2146 1282 2201 malum
1338 2144 1519 2219 idque
1580 2151 1858 2201 manaret
1918 2146 1983 2201 in
2041 2144 2164 2200 dies

311 2233 384 2288 25
416 2226 619 2294 latius,
663 2225 942 2299 idemque
976 2226 1224 2281 bustum
1266 2225 1326 2280 in
1369 2225 1496 2281 foro
1538 2224 1821 2292 facerent,
1854 2223 1958 2298 qui
2001 2224 2162 2279 illam

416 2305 783 2380 insepultam
815 2305 1190 2378 sepulturam
1220 2304 1552 2373 effecerant,
1578 2310 1639 2360 et
1668 2304 1941 2378 quotidie
1972 2303 2164 2377 magis

418 2387 731 2459 magisque
761 2385 982 2459 perditi
1014 2384 1287 2441 homines
1317 2401 1453 2440 cum
1497 2383 1586 2438 sui
1633 2383 1938 2440 similibus
1981 2383 2165 2440 servis

420 2465 595 2521 tectis
645 2482 715 2520 ac
765 2463 1007 2538 templis
1056 2465 1225 2521 urbis
1274 2464 1664 2530 minarentur,
1715 2462 1860 2518 talis
1908 2462 2167 2519 animad-

419 2544 615 2602 versio
644 2544 760 2600 fuit
792 2543 1147 2600 Dolabellae
1179 2561 1311 2600 cum
1344 2542 1402 2597 in
1436 2542 1694 2598 audaces
1726 2543 2164 2616 sceleratosque

312 2632 388 2688 30
421 2641 645 2693 servos
678 2629 807 2679 tum
845 2624 908 2678 in
946 2624 1215 2697 ,impuros
1245 2628 1306 2680 et
1337 2622 1595 2679 nefarios
1637 2621 1874 2690 liberos
1908 2622 2165 2694 talisque

419 2704 652 2759 eversio
693 2703 854 2758 illius
898 2709 1239 2759 exsecratae
1282 2702 1612 2769 columnae,
1651 2707 1720 2756 ut
1761 2700 1911 2757 mihi
1956 2701 2165 2757 mirum

422 2784 695 2839 videatur
723 2789 848 2838 tam
885 2782 1057 2838 valde
1089 2783 1384 2856 reliquum
1415 2787 1653 2853 tempus
1685 2781 1760 2836 ab
1791 2781 1896 2837 illo
1927 2798 2046 2837 uno
2075 2778 2165 2834 die

421 2862 798 2917 dissensisse.
885 2860 1040 2916 Ecce
1071 2862 1226 2917 enim
1273 2860 1567 2916 Kalendis
1597 2860 1821 2930 Juniis,
1855 2861 2073 2934 quibus
2103 2860 2165 2912 ut

422 2941 769 2997 adessemus
799 2940 1086 3009 edixerat,
1118 2945 1354 2996 mutata-
1384 2939 1625 2996 omnia:
1670 2939 1817 2995 nihil
1856 2957 1964 3013 per
2006 2953 2166 2994 senar

314 3023 389 3077 35
421 3027 567 3087 tum,
595 3021 786 3076 multa
810 3027 871 3074 et
895 3037 1117 3092 magna
1141 3037 1245 3093 per
1268 3019 1551 3092 populum
1580 3026 1641 3074 et
1672 3018 1921 3074 absente
1950 3015 2164 3094 populo

421 3107 483 3153 et
515 3100 722 3154 invito,
812 3098 1106 3153 Consules
1151 3099 1448 3170 designati
1495 3098 1801 3172 negabant
1845 3115 1909 3154 se
1954 3098 2163 3154 audere

420 3176 482 3228 in
513 3184 787 3229 senatum
814 3176 1049 3245 venire;
1078 3178 1312 3248 patriae
1336 3177 1684 3234 liberatores
1718 3178 1862 3233 urbe
1887 3177 2164 3234 carebant

422 3268 509 3316 ea,
536 3253 703 3320 cujus
735 3268 769 3305 a
799 3252 1130 3308 cervicibus
1152 3254 1366 3326 jugum
1403 3256 1617 3310 servile
1643 3257 1999 3330 dejecerant,
2021 3267 2165 3328 quos

423 3331 626 3379 tamen
671 3327 784 3399 ipsi
828 3330 1104 3384 consules
1150 3337 1211 3386 et
1251 3332 1313 3386 in
1359 3333 1745 3392 concionibus
1789 3346 1854 3395 et
1898 3337 1962 3394 in
2008 3329 2163 3390 omni
