2284 3717
236 212 318 276 22
763 225 838 271 M.
871 224 1130 270 ‘runnu
1180 222 1576 270 memmius

426 384 515 439 10.
563 377 692 440 Ibis
714 382 963 439 tandem
990 381 1335 455 aliquande,
1360 397 1478 456 quo
1500 385 1561 437 te
1576 381 1703 454 jam
1727 378 1964 456 pridem
1989 379 2108 435 ista

342 466 451 518 tua
492 463 793 537 cupiditas
835 462 1124 519 effrenata
1172 479 1241 518 ac
1285 461 1512 517 furiosa
1556 461 1867 535 rapiebat:
1920 477 2109 533 neque

344 542 507 598 enim
558 544 672 599 tibi
730 542 876 603 haec
925 559 1021 598 res
1073 541 1270 597 adfert
1314 541 1598 610 dolorem,
1644 541 1750 596 sed
1801 540 2108 614 quandam

347 622 760 679 incredibilem
811 621 1205 695 voluptatem.
1292 621 1396 676 Ad
1455 620 1609 677 hanc
1663 626 1725 676 te
1782 620 2109 676 amentiam

282 703 316 759 5
350 707 567 758 natura
605 701 853 776 peperit,
888 701 1171 758 voluntas
1205 700 1487 766 exercuit,
1522 701 1764 756 fortuna
1809 700 2111 772 servavit3

345 798 680 856 numquam
704 789 772 838 tu
795 799 917 838 non
942 781 1121 837 modo
1154 782 1359 849 otium,
1388 780 1493 837 sed
1524 797 1597 836 ne
1621 779 1844 835 bellum
1870 779 2112 853 quidem

347 861 460 917 nisi
509 862 805 934 nefarium
856 860 1212 934 concupisti.
1299 858 1576 917 Nanctus
1626 876 1692 915 es
1740 876 1815 915 ex
1862 859 2113 934 perditis

351 945 531 1015 at‘que
563 942 639 998 ab
671 941 831 998 omni
878 937 998 997 n‘on
1035 940 1214 996 modo
1244 940 1503 1010 fortuna,
1536 956 1745 996 verum
1782 939 1969 995 etiam
2009 956 2113 1013 spe

349 1021 652 1077 derelictis
695 1020 1016 1077 conflatam
1068 1019 1480 1093 improborum
1529 1036 1794 1075 manum.
1883 1018 2007 1075 Hic
2049 1026 2114 1074 tu

247 1103 320 1158 10
351 1119 471 1174 qua
509 1101 742 1157 laetitia
779 1098 1116 1180 perfruerel
1204 1100 1438 1172 Quibus
1469 1098 1713 1173 gaudiis
1743 1097 2112 1156 exsultabis!

352 1180 596 1251 Quanta
637 1181 699 1236 in
747 1179 1055 1255 voluptate
1099 1179 1486 1254 bacchabere,
1520 1196 1657 1235 cum
1701 1178 1766 1233 in
1794 1184 1971 1235 tanto
2016 1196 2117 1235 nu-

349 1276 516 1316 mero
540 1266 780 1316 tuorum
809 1263 999 1334 nsque
1032 1259 1243 1315 audies
1270 1259 1466 1315 virum
1495 1259 1719 1315 bonum
1752 1275 2117 1332 quemquam

349 1356 543 1414 neque
587 1338 859 1397 videbisl
945 1339 1046 1397 Ad
1095 1339 1272 1412 hujus
1317 1339 1482 1396 vitae
1524 1338 1795 1395 studium
1838 1338 2116 1396 meditati

349 1419 440 1475 illi
484 1425 628 1476 sunt
668 1420 771 1494 qui
811 1419 1084 1476 feruntur
1124 1419 1364 1475 labores
1406 1419 1515 1488 tui,
1539 1420 1739 1491 jacere
1783 1417 1954 1474 humi
1998 1436 2119 1475 non

247 1501 320 1556 15
353 1498 549 1555 solum
608 1500 684 1556 ad
741 1499 1140 1555 obsidendum
1194 1505 1490 1573 stuprum,
1543 1515 1750 1554 verum
1800 1499 1988 1554 etiam
2044 1498 2120 1555 ad

352 1579 587 1635 facinus
629 1579 988 1649 obeundum,
1023 1578 1279 1652 vigilare
1322 1596 1444 1635 non
1486 1578 1679 1634 solum
1724 1577 2122 1635 insidiantem

352 1674 565 1715 somno
609 1659 982 1729 maritorum,
1030 1675 1238 1714 verum
1296 1659 1482 1715 etiam
1541 1657 1719 1714 bonis
1769 1658 2117 1715 otiosorum.

356 1737 571 1795 Habes
627 1738 732 1794 ubi
781 1745 1050 1795 ostentes
1096 1744 1266 1794 tuam
1321 1738 1488 1794 illam
1538 1737 1912 1811 praeclaram
1968 1739 2126 1813 pati-

353 1819 577 1874 entiam
602 1818 794 1887 famiS‚
817 1818 889 1874 fri
897 1818 1079 1892 gorm,
1102 1818 1339 1893 inopiae
1364 1835 1563 1874 rerum
1588 1816 1874 1882 omnium,
1897 1818 2124 1891 quibus

249 1898 323 1953 20
353 1902 413 1955 te
444 1898 611 1955 brevi
652 1903 921 1973 tempore
965 1897 1302 1954 confectum
1344 1915 1477 1955 esse
1518 1896 1761 1954 senties.
1813 1897 2125 1955 ‘Tantum

350 1978 576 2052 profeci
618 1982 768 2047 tum,
812 1995 947 2035 cum
990 1983 1051 2033 te
1095 1994 1131 2033 a
1176 1978 1495 2034 consulatu
1535 1976 1785 2052 reppuli,
1827 1983 1898 2034 ut
1946 1978 2123 2034 exsul

351 2059 557 2131 potius
598 2063 895 2132 temptare
926 2074 1107 2132 quam
1151 2058 1359 2114 consul
1394 2074 1612 2113 vexare
1643 2074 1768 2113 rem
1813 2057 2127 2131 publicam

350 2155 580 2211 posses,
604 2142 784 2211 atque
810 2144 877 2193 ut
899 2137 977 2206 id,
996 2137 1156 2211 quod
1180 2144 1275 2192 est
1296 2155 1331 2192 a
1349 2144 1409 2193 te
1433 2136 1722 2193 scelerate
1747 2143 2123 2211 susceptum,

351 2216 733 2274 latrocinium
764 2217 966 2290 potius
996 2234 1179 2291 quam
1209 2217 1435 2273 bellum
1467 2217 1893 2273 nominaretur.

249 2299 322 2355 25
440 2299 526 2354 11..
589 2296 783 2366 Nune,
830 2302 900 2352 ut
943 2314 977 2353 a
1022 2314 1133 2366 me,
1180 2303 1385 2370 patres
1430 2295 1770 2371 conscripti,
1816 2296 2128 2370 quandam

352 2393 537 2451 prope
575 2377 807 2450 justam
847 2376 1075 2451 patriae
1116 2376 1557 2451 querimonia-m
1600 2377 1867 2433 detester
1913 2393 1983 2433 ac
2027 2376 2130 2433 de-

345 2473 575 2534 precer,
620 2456 925 2531 percipite,
971 2473 1214 2531 quaese,
1253 2456 1578 2530 diligenter
1619 2473 1771 2530 quae
1816 2455 2015 2535 dicam
2062 2461 2131 2512 et

354 2553 427 2592 ea
482 2536 726 2610 penitus
783 2535 1003 2592 animis
1056 2536 1275 2592 vestris
1331 2536 1755 2609 mentibusque
1810 2536 2125 2592 mandate.

356 2614 600 2672 Etenim
637 2615 689 2672 si
720 2633 949 2671 mecum
981 2616 1197 2688 patria,
1231 2633 1384 2689 quae
1416 2615 1566 2671 mihi
1597 2615 1726 2672 vita
1754 2632 1891 2671 mea
1922 2615 2124 2671 multo

248 2698 325 2754 30
354 2701 449 2751 est
489 2696 697 2763 carior,
731 2694 782 2750 si
819 2700 1036 2751 cuncta
1066 2694 1263 2763 Italia,
1297 2695 1348 2751 si
1387 2695 1583 2751 omnis
1620 2712 1715 2751 res
1756 2695 1997 2768 publica
2043 2696 2131 2752 lo·

354 2783 605 2849 quatur:
665 2781 696 2804 ‘⁴
719 2773 802 2831 M.
837 2773 1014 2844 Tulli,
1059 2775 1204 2848 quid
1248 2772 1427 2848 agis?
1513 2774 1682 2831 Tune
1732 2792 1889 2844 eum,
1939 2792 2128 2849 quem

353 2872 486 2910 esse
531 2854 767 2911 hostem
813 2854 1175 2928 comperisti,
1210 2872 1386 2927 quem
1417 2854 1628 2910 ducem
1665 2854 1804 2911 belli
1849 2856 2128 2911 futurum

354 2934 544 3003 vides,
576 2952 753 3008 quem
793 2933 1128 3009 exspectari
1171 2934 1588 3006 imperatorem
1629 2934 1690 2990 in
1728 2934 1945 2990 castris
1985 2933 2129 2991 hos-

353 3013 502 3068 tium
556 3014 767 3082 sentiS‚
818 3022 1121 3070 auctorem
1174 3013 1431 3082 sceleriS,
1475 3014 1806 3088 principem
1852 3015 2130 3088 conjura-

248 3095 322 3149 35
355 3092 556 3159 tionis
588 3098 966 3149 evocatorem
1012 3110 1324 3149 servorum
1364 3100 1426 3149 et
1455 3094 1676 3150 civium
1719 3093 2122 3168 perditorum,

353 3170 514 3225 exire
558 3172 803 3243 patiere,
847 3178 915 3227 ut
960 3173 1069 3227 abs
1115 3178 1176 3228 te
1221 3190 1340 3228 non
1385 3173 1644 3230 emissus
1689 3190 1762 3229 ex
1807 3174 1974 3244 urbe,
2008 3171 2128 3231 sed

357 3246 667 3303 immissus
718 3250 781 3304 in
829 3251 1036 3306 urbem
1085 3268 1218 3306 esse
1261 3250 1581 3309 videatur?
1665 3251 1806 3309 Non
1849 3251 2010 3310 hunc
2053 3253 2125 3311 in

355 3323 598 3380 vincula
627 3327 780 3395 duci,
812 3345 934 3384 non
965 3329 1038 3385 ad
1082 3337 1337 3386 mortem
1380 3332 1529 3404 rapi,
1562 3350 1682 3389 non
1712 3350 1949 3391 summo
1980 3349 2125 3407 sup·

355 3398 534 3468 plicio
564 3405 813 3460 mactari
844 3406 1217 3479 imperabis?
1278 3409 1435 3481 Quid
1465 3411 1712 3468 tandem
1733 3420 1794 3470 te
1815 3409 2124 3490 impedit?
