2284 3717
263 122 390 186 190
723 134 800 182 11.
845 132 1105 181 'runnu
1156 135 1555 183 omsaoms

368 292 650 350 laudatur
679 289 993 366 provincia
1023 289 1226 349 Gallia
1267 292 1600 367 meritoque
1631 299 1883 351 ornatur
1913 296 2114 353 verbis

375 371 766 448 amplissimis
789 371 863 427 ab
887 378 1120 436 senatu,
1141 373 1302 444 quod
1333 373 1579 429 resistat
1593 374 1869 430 Antonio
1894 395 1909 446 3
1942 394 2112 450 quem

368 454 419 508 si
450 451 758 509 consulem
791 451 894 506 illa
923 451 1233 523 provincia
1262 461 1500 524 putaret
1530 470 1720 527 neque
1742 471 1879 510 eum
1905 457 2114 530 recipe-

365 540 473 599 ret,
496 548 718 602 magno
743 530 963 586 scelere
983 547 1047 585 se
1068 531 1460 603 astringeret:
1492 549 1701 588 omnes
1719 533 1966 590 enimin
1987 552 2115 591 con·

300 616 336 672 5
366 612 517 667 sulis
530 612 662 684 J'ure
693 618 755 666 et
784 609 1033 683 imperio
1058 609 1283 665 debent
1311 627 1443 666 esse
1472 612 1832 685 provinciae.
1910 613 1970 670 N
1976 619 2115 687 egat

367 691 479 748 hoc
516 690 589 746 D.
624 689 851 745 Brutus
896 688 1240 762 imperator,
1272 690 1480 746 consul
1528 690 1905 764 designatus»,
1937 700 2115 750 natus

364 771 450 827 rei
474 769 750 844 publicae
779 767 928 824 civis
952 787 966 839 ;
1013 775 1198 840 negat
1221 768 1437 838 Gallia,
1462 777 1646 844 negat
1667 777 1886 827 cuncta
1917 771 2111 841 Italia,

366 858 553 923 negat
596 854 859 915 senatus
906 847 1148 919 negatis
1178 865 1301 904 vos,
1391 849 1542 919 Quis
1573 849 1740 905 illum
1769 850 1961 923 igitur
1990 868 2117 907 con-

367 930 556 986 sulem
602 928 719 984 nisi
752 927 1015 982 latrones
1051 925 1313 1000 putant?
1400 931 1781 1002 Quamquam
1812 947 1887 985 ne
1920 931 1964 985 ii
1995 930 2116 1004 qui-

264 1013 337 1069 10
369 1009 504 1065 dem
529 1007 661 1081 ipsi,
682 1007 844 1080 quod
878 1005 1221 1079 loquuntur,
1248 1006 1310 1062 id
1340 1008 1627 1077 sentiunt,
1653 1026 1761 1064 nec
1792 1009 1868 1064 ab
1889 1010 2116 1082 judicio

367 1087 629 1144 omnium
662 1085 1026 1153 mortalium,
1059 1086 1339 1159 quamvis
1382 1087 1548 1161 impii
1595 1087 1933 1162 nefariique
1980 1090 2114 1158 sint,

367 1168 526 1223 sicut
573 1171 732 1234 sunt,
784 1164 1103 1221 dissentire
1155 1171 1449 1238 possunt3
1502 1166 1608 1222 sed
1658 1183 1797 1241 spes
1847 1168 2120 1242 rapiendi-

368 1252 548 1320 atque
583 1243 911 1319 praedandi
956 1248 1232 1300 occaecat
1274 1245 1508 1301 animos
1548 1263 1770 1314 eorum,
1803 1263 1960 1320 quos
2004 1265 2120 1303 non

365 1326 657 1381 bonorum
688 1323 952 1392 donatio,
985 1340 1101 1379 non
1141 1340 1424 1397 agrorum
1469 1323 1830 1398 adsignatio,
1863 1343 1989 1382 non
2017 1327 2120 1384 illa

263 1409 335 1464 15
367 1404 600 1461 infinita
630 1403 807 1460 hasta
848 1402 1134 1474 satiavit3
1178 1403 1280 1476 qui
1323 1403 1435 1459 sibi
1479 1404 1704 1472 urbem,
1738 1405 1840 1479 qui
1872 1405 2036 1462 bona
2060 1411 2122 1463 et

367 1485 640 1540 fortunas
697 1483 922 1539 civium
979 1482 1054 1537 ad
1109 1482 1396 1555 praedam
1451 1491 1894 1557 proposuerunt
1921 1505 1936 1558 3
2001 1486 2119 1559 qui,

369 1565 513 1620 dum
545 1562 641 1619 hic
671 1563 752 1619 sit
792 1561 950 1635 quod
993 1560 1249 1633 rapiant,
1282 1561 1442 1635 quod
1484 1563 1776 1632 auferant,
1810 1563 1966 1620 nihil
2010 1563 2122 1621 sibi

368 1644 711 1700 defuturum
768 1641 1175 1712 arbitrantur3
1240 1641 1458 1714 quibus
1501 1641 1585 1697 M.
1633 1642 2120 1700 Antonius—O

368 1723 428 1779 di
460 1720 848 1788 immortaleS,
892 1719 1146 1776 avertite
1190 1727 1253 1776 et
1296 1720 1698 1788 detestamini,
1731 1739 1979 1795 quaeso,
2013 1722 2123 1780 hoc

265 1808 339 1863 20
370 1799 910 1859 omenl—urbem
954 1816 1017 1855 se
1061 1799 1399 1855 divisurum
1442 1817 1575 1857 esse
1617 1801 1915 1874 promisit.
2027 1802 2125 1859 Ita

370 1899 530 1951 vero,
579 1880 862 1951 QuiriteS,
915 1885 984 1934 ut
1029 1878 1377 1952 precamini,
1410 1879 1654 1936 eveniat
1703 1885 1885 1954 atque
1946 1880 2124 1955 hujus

372 1961 669 2019 amentiae
698 1977 894 2034 poena
922 1959 983 2014 in
1013 1959 1210 2032 ipsum
1254 1958 1659 2032 familiamque
1688 1960 1818 2032 ejus
1861 1958 2123 2018 recidat!

371 2041 530 2114 quod
553 2041 640 2095 ita
662 2040 929 2095 futurum
951 2055 1084 2094 esse
1109 2037 1355 2094 confido.
1428 2037 1470 2095 J
1476 2055 1570 2093 am
1591 2038 1753 2094 enim
1780 2056 1902 2095 non
1927 2040 2125 2096 solum

373 2120 664 2187 homineS,
718 2120 823 2175 sed
880 2118 1066 2173 etiam
1123 2117 1270 2173 deos
1319 2117 1690 2187 immortales
1740 2118 1817 2174 ad
1845 2136 1975 2175 rem
2025 2137 2127 2194 pu·

268 2205 342 2260 25
372 2200 592 2256 blicam
649 2197 1121 2255 conservandam
1182 2197 1439 2253 arbitror
1494 2197 1891 2254 consensisse.
1982 2198 2126 2256 Sive

372 2279 532 2336 enim
562 2277 856 2353 prodigiis
886 2281 1063 2350 atque
1093 2276 1390 2350 portentis
1424 2275 1486 2331 di
1530 2276 1906 2333 immortales
1949 2278 2126 2334 nobis

372 2359 578 2417 futura
606 2357 979 2431 praedicunt,
1004 2355 1094 2410 ita
1123 2361 1267 2411 sunt
1296 2360 1501 2428 aperte
1528 2355 1935 2429 pronuntiata,
1968 2362 2041 2413 ut
2067 2361 2126 2413 et

375 2438 461 2493 illi
486 2454 680 2510 poena
701 2442 762 2492 et
784 2435 960 2492 nobis
983 2434 1229 2491 libertas
1254 2434 1724 2508 a-ppropinquet3
1756 2435 1886 2492 sive
1916 2441 2126 2492 tantus

376 2533 707 2574 consensus
734 2514 1014 2581 ,omnium
1057 2514 1184 2569 sine
1227 2513 1491 2587 impulsu
1534 2514 1781 2569 deorum
1827 2532 1963 2571 esse
2008 2531 2127 2571 non

269 2601 346 2656 30
374 2596 591 2671 potuit,
622 2595 765 2668 quid
796 2601 890 2651 est
920 2593 1080 2667 quod
1110 2593 1183 2648 de
1214 2592 1527 2650 voluntate
1570 2593 1922 2650 caelestium
1961 2593 2128 2651 dubi-

375 2682 506 2732 tare
536 2671 884 2748 possimus?

457 2753 868 2826 &Reliquum
892 2755 1001 2819 est,
1031 2750 1314 2823 Quirites,
1339 2756 1409 2806 ut
1432 2767 1541 2807 vos
1564 2750 1622 2806 in
1654 2751 1777 2807 ista
1800 2751 2124 2820 sententia,

379 2851 558 2907 quam
581 2849 722 2907 prae
748 2830 918 2887 vobis
943 2830 1130 2899 fertiS,
1157 2830 1569 2904 perseveretis
1644 2829 1896 2888 Faciam
1918 2832 2124 2906 igitur,

378 2919 446 2969 ut
501 2913 895 2983 imperatores
951 2909 1247 2965 instructa
1308 2908 1432 2965 acie
1489 2909 1700 2976 solent,
1759 2925 2127 2986 quamquam

273 2995 348 3051 35
377 2990 795 3067 paratissimos
824 2988 1051 3045 milites
1082 2988 1157 3043 ad
1185 2988 1602 3062 proeliandum
1633 2988 1895 3059 videant,
1927 2998 1997 3046 ut
2023 3003 2127 3046 eos

381 3078 584 3125 tamen
628 3068 1038 3134 adhortentur,
1072 3067 1158 3122 sic
1188 3077 1313 3139 'ego
1345 3084 1454 3123 vos
1498 3068 1779 3124 ardentes
1806 3075 1870 3125 ct
1898 3075 2127 3126 erectos

384 3148 460 3202 ad
498 3147 835 3201 libertatem
880 3146 1344 3218 recuperandam
1388 3146 1761 3205 cohortabor.
1850 3148 1991 3205 Non
2034 3150 2129 3203 est

384 3223 574 3291 vobis,
623 3224 907 3295 Quirites,
954 3241 1085 3278 cum
1130 3241 1200 3279 eo
1248 3224 1416 3281 hoste
1461 3232 1783 3297 certamen,
1829 3245 1966 3284 cum
2011 3240 2129 3300 quo

387 3301 588 3373 aliqua
623 3301 789 3373 pacis
838 3301 1104 3357 condicio
1146 3320 1279 3360 esse
1320 3305 1546 3377 possit:
1591 3322 1784 3380 neque
1827 3307 1990 3365 enim
2031 3303 2130 3363 ille

656 3522 680 3549 0
