2284 3717
724 626 823 697 M.
869 622 1188 694 TULLII
1234 620 1731 693 CICERONIS

414 837 534 928 IN
616 839 698 928 C.
770 832 1217 925 VERREM
1291 832 1595 923 ACTIO
1671 832 2034 923 PRIMA.

488 1256 536 1311 1.
585 1254 768 1326 Qnon
797 1259 928 1311 erat
956 1254 1290 1326 optandum
1327 1252 1606 1319 maxime,
1629 1251 1882 1325 judices,
1914 1256 1975 1308 et
2001 1249 2144 1325 quod

407 1353 595 1391 unum
626 1335 702 1390 ad
734 1333 1027 1390 invidiam
1059 1334 1246 1390 vestri
1280 1332 1510 1390 ordinis
1538 1331 1973 1404 infamiamque
2004 1330 2146 1403 judi·

407 1415 635 1472 ciorum
668 1414 994 1471 sedandam
1016 1413 1275 1469 maxime
1292 1412 1653 1487 pertinebat,
1674 1411 1735 1467 id
1754 1427 1878 1467 non
1896 1410 2147 1467 humano

409 1494 678 1563 consiliO,
710 1493 817 1550 sed
845 1510 1028 1568 prope
1069 1493 1367 1549 divinitus
1409 1492 1621 1548 datum
1666 1496 1847 1565 atque
1892 1491 2146 1547 oblatum

343 1582 377 1638 5
409 1573 585 1630 vobis
615 1590 852 1630 summo
880 1573 966 1628 rei
996 1571 1276 1646 publicae
1316 1577 1589 1645 tempore
1620 1569 1893 1645 videtur;
1936 1571 2148 1626 invete-

408 1653 568 1710 ravit
596 1654 756 1709 enim
777 1653 906 1725 jam
936 1651 1139 1726 opinio
1169 1651 1507 1724 perniciosa
1536 1651 1619 1706 rei
1647 1650 1928 1724 publicae
1967 1650 2148 1706 nobis-

410 1751 524 1807 que
564 1732 912 1806 periculosa‚
946 1749 1098 1806 quae
1130 1748 1250 1786 non
1281 1730 1461 1787 modo
1504 1729 1675 1803 apud
1707 1731 2020 1803 populum
2049 1730 2148 1786 Ro-

408 1830 676 1881 manum,
719 1811 827 1868 sed
866 1814 1045 1867 etiam
1091 1810 1249 1883 apud
1290 1815 1531 1866 exteras
1573 1809 1851 1866 nationes
1893 1810 2146 1865 omnium

409 1908 682 1948 sermone
724 1889 1110 1964 percrebruit,
1159 1889 1254 1946 his
1294 1889 1557 1962 judiciis,
1602 1906 1755 1963 quae
1800 1907 1961 1946 nunc
2004 1893 2147 1956 sunt,

306 1977 380 2032 10
408 1969 798 2045 pecuniosum
824 1969 1146 2038 hominem,
1173 1970 1453 2043 quamvis
1487 1969 1567 2025 sit
1595 1986 1834 2036 nocens,
1860 1968 2149 2025 neminem

409 2068 589 2124 posse
643 2049 949 2106 damnari:
1007 2066 1167 2105 nunc
1223 2049 1285 2104 in
1342 2049 1474 2122 ipso
1531 2047 1877 2105 discrimine
1936 2046 2150 2105 ordinis

410 2130 892 2203 judiciorumque
924 2126 1262 2184 vestrorum
1306 2146 1443 2184 cum
1486 2129 1611 2184 sint
1650 2128 1848 2200 parati
1880 2129 1986 2201 qui
2024 2145 2147 2185 con-

412 2208 681 2265 cionibus
722 2215 784 2265 et
823 2208 1063 2281 legibus
1109 2207 1263 2263 hanc
1307 2207 1600 2263 invidiam
1650 2213 1900 2263 senatus
1936 2207 2154 2263 inflam-

410 2305 575 2345 mare
607 2293 911 2356 conentur,
947 2285 1200 2364 [reus]
1185 2305 1245 2343 in
1265 2286 1559 2360 judicium
1592 2286 1893 2343 adductus
1932 2292 2027 2344 est
2056 2286 2149 2364 [G.

309 2373 379 2430 15
413 2366 671 2442 Verres]
695 2367 874 2423 homo
889 2368 1018 2423 vita
1038 2372 1219 2441 atque
1241 2366 1417 2423 factis
1437 2366 1708 2422 omnium
1728 2367 1853 2439 jam
1878 2367 2150 2440 opinione

414 2446 757 2514 damnatus,
788 2447 1076 2520 pecuniae
1117 2446 1544 2519 magnitudine
1588 2462 1700 2502 sua
1742 2463 1850 2519 spe
1895 2452 1958 2502 et
1997 2462 2153 2520 prae-

415 2526 715 2583 dicatione
746 2526 1078 2583 absolutus,
1168 2525 1332 2582 Huic
1354 2543 1468 2599 ego
1492 2541 1725 2592 causae,
1747 2525 2006 2598 judices,
2026 2541 2152 2581 cum

413 2623 654 2663 summa
694 2606 1006 2662 voluntate
1049 2610 1111 2662 et
1152 2604 1601 2679 exspectatione
1642 2604 1851 2679 populi
1896 2602 2152 2661 Romani

414 2692 582 2741 actor
611 2684 853 2753 accessi,
885 2702 1007 2741 non
1038 2690 1106 2741 ut
1136 2701 1416 2757 augerem
1447 2684 1740 2740 invidiam
1772 2684 2024 2755 ordiniS,
2053 2681 2152 2739 sed

308 2769 384 2825 20
415 2769 483 2820 ut
534 2764 819 2821 infamiae
875 2763 1177 2820 communi
1229 2780 1667 2835 succurrerem3
1725 2763 1949 2819 adduxi
2000 2763 2151 2819 enim

414 2843 717 2900 hominem
762 2843 824 2898 in
867 2860 987 2916 quo
1029 2842 1413 2899 reconciliare
1457 2842 1971 2899 existimationem
2005 2842 2154 2916 judi·

414 2922 642 2980 ciorum
675 2923 979 2991 amissam,
1013 2922 1205 2979 redire
1237 2922 1299 2977 in
1330 2922 1589 2996 gratiam
1622 2939 1756 2978 curn
1785 2923 2012 2996 populo
2041 2922 2153 2978 Ro·

415 3019 613 3069 mam,
660 3001 813 3057 satis
857 3001 1048 3057 facere
1092 3001 1314 3057 exteris
1357 3001 1702 3057 nationibus
1745 3003 2026 3074 possetiS,
2066 3001 2154 3057 de·

415 3081 824 3152 peculatorem
870 3080 1100 3148 aerarii,
1134 3085 1482 3136 vexatorem
1529 3080 1712 3137 Asiae
1757 3085 1940 3154 atque
1985 3081 2154 3137 Pam·

311 3159 384 3223 35
415 3157 677 3244 phyliae,
710 3157 1069 3228 praedonem
1107 3157 1262 3229 juris
1304 3158 1534 3228 urbani,
1565 3158 1768 3215 labem
1813 3166 1994 3234 atque
2034 3176 2154 3235 per·

418 3233 631 3287 niciem
678 3235 1025 3305 provinciae
1073 3234 1351 3307 Siciliae;
1396 3237 1469 3293 de
1513 3255 1632 3311 quo
1675 3238 1726 3294 si
1763 3255 1876 3296 vos
1912 3256 2050 3305 vere
2091 3254 2154 3295 ac

414 3294 696 3388 religiose
730 3310 1171 3391 judicaveritis,
1206 3315 1533 3381 auctoritas
1574 3333 1663 3385 ea,
1649 3334 1958 3443 ,ᾳιιαθ2ὲό1
1987 3318 2153 3376 vobis
