2284 3717
274 108 357 173 84
793 124 869 171 M.
903 124 1164 171 TULLII
1216 124 1611 171 memmius

379 281 604 338 multas
647 280 1009 338 existimatis
1064 281 1297 338 insulas
1346 298 1482 338 esse
1530 278 1850 338 desertas?
1938 282 2145 355 Quam

379 361 602 418 multas
633 368 740 418 aut
767 369 933 417 metu
971 361 1212 417 relictas
1254 367 1361 417 aut
1402 379 1437 417 a
1477 361 1882 436 praedonibus
1926 368 2144 437 captas

381 441 560 497 urbes
588 459 720 498 esse
751 440 1049 498 sociorum
1075 439 1100 497 ἵ

466 522 553 577 12.
604 520 723 578 Sed
763 519 906 595 quid
950 538 1064 594 ego
1093 520 1427 595 longinqua
1459 516 1905 577 commemoro?
1994 519 2147 577 Fuit

316 602 352 659 5
385 598 498 657 hoc
526 600 848 674 quondam,
881 599 993 656 fuit
1019 600 1326 675 proprium
1354 600 1564 674 populi
1599 598 1864 656 Romani
1893 599 2075 673 longe
2108 617 2147 657 a

381 680 560 736 domo
617 679 836 736 bellare
891 685 953 735 et
1013 679 1485 753 propugnaculis
1546 679 1783 752 imperii
1840 679 2146 736 sociorum

383 758 670 829 fortunaS,
697 776 817 815 non
849 776 961 815 sua
989 763 1153 816 tecta
1174 759 1524 816 defendere:
1569 758 1749 815 sociis
1776 777 1891 832 ego
1916 759 2147 815 nostris

383 856 545 895 mare
602 856 707 913 per
765 837 875 894 hos
932 856 1122 895 annos
1179 838 1454 894 clausum
1510 837 1696 894 fuisse
1739 839 1954 908 dicam,
2004 855 2144 895 cum
2223 884 2234 892 .

381 918 679 976 exercitus
723 918 911 975 vestri
964 935 1296 993 numquam
1340 935 1377 973 a
1418 917 1742 974 Brundisio
1785 918 1899 974 nisi
1945 917 2146 974 hieme

281 997 353 1055 10
385 1015 622 1055 summa
665 996 1156 1055 transmiserint?
1242 997 1359 1069 Qui
1404 998 1480 1054 ad
1510 1014 1620 1053 vos
1663 997 1738 1053 ab
1777 997 2004 1054 exteris
2045 1014 2149 1052 na-

383 1077 653 1134 tionibus
682 1078 975 1147 venirent,
1009 1083 1221 1150 captos
1267 1094 1498 1151 querar,
1531 1094 1668 1133 cum
1702 1076 1890 1150 legati
1932 1076 2147 1151 populi

384 1156 649 1213 Romani
681 1157 971 1231 redempti
1009 1154 1178 1213 sint?
1264 1156 1706 1213 Mercatoribus
1744 1162 1949 1213 tutum
1979 1174 2146 1213 mare

386 1253 506 1293 non
551 1237 738 1293 fuisse
781 1236 997 1306 dicam,
1044 1253 1180 1293 cum
1224 1235 1541 1293 duodecim
1586 1252 1827 1293 secures
1875 1234 1940 1291 in
1980 1252 2150 1310 prae·

384 1316 610 1373 donum
652 1322 1018 1390 potestatem
1063 1313 1490 1389 pervenerint?
1576 1315 1837 1373 Cnidum
1884 1321 1991 1372 aut
2037 1314 2150 1373 Co·

281 1396 353 1453 15
385 1395 708 1470 lophonem
765 1402 872 1453 aut
931 1395 1201 1464 Samum,
1253 1394 1661 1452 nobilissimas
1718 1395 1919 1463 urbes,
1979 1394 2151 1450 innu-
2233 1421 2234 1428 κ

384 1476 821 1550 merabilesque
866 1475 1017 1532 alias
1066 1481 1278 1550 captas
1319 1491 1451 1531 esse
1494 1491 1973 1544 commemorem,
2009 1491 2147 1531 cum

386 1562 625 1611 vestros
666 1561 878 1629 portus
922 1565 1103 1628 atque
1151 1571 1255 1611 eos
1299 1560 1523 1626 portus,
1568 1554 1789 1628 quibus
1835 1554 2031 1610 vitam
2077 1570 2148 1611 ac

386 1634 667 1711 spiritum
714 1634 955 1703 ducitis,
1004 1633 1066 1690 in
1118 1633 1488 1709 praedonum
1536 1633 1721 1690 fuisse
1775 1638 2147 1707 potestatem

387 1711 639 1770 sciatis?
723 1714 827 1770 An
871 1730 1013 1769 vero
1068 1713 1366 1787 ignoratis
1409 1717 1649 1787 portum
1700 1712 1948 1786 Cajetae
2004 1712 2150 1769 cele·

283 1794 356 1850 20
388 1793 712 1850 berrimum
791 1811 859 1850 ac
935 1792 1355 1866 plenissimum
1441 1792 1687 1848 navium
1770 1792 2147 1865 inspectante
2231 1865 2232 1868 Ἴ

387 1879 660 1947 praetore
706 1890 742 1928 a
781 1873 1187 1946 praedonibus
1232 1888 1365 1928 esse
1407 1871 1726 1946 direptum,
1771 1888 1849 1927 ex
1904 1871 2146 1928 Miseno

388 1959 590 2009 autem
648 1954 776 2024 ejus
830 1952 1025 2025 ipsius
1081 1952 1319 2020 liberOS,
1375 1951 1477 2025 qui
1532 1968 1668 2007 cum
1735 1950 2149 2024 prae-donibus

391 2038 572 2089 antea
643 2031 727 2088 ibi
789 2031 1013 2088 bellum
1082 2035 1374 2104 gesserat,
1434 2048 1471 2086 a
1534 2029 1946 2104 praedonibus
2013 2047 2147 2087 esse

388 2108 705 2168 sublatos?
788 2110 948 2167 Nam
999 2111 1146 2184 quid
1189 2129 1304 2184 ego
1356 2108 1637 2167 Ostiense
1693 2109 2141 2166 incommodum

283 2192 357 2248 25
391 2197 570 2265 atque
612 2190 776 2247 illam
827 2190 1024 2246 labem
1075 2196 1254 2264 atque
1285 2189 1700 2263 ‚ignominiam
1741 2189 1823 2245 rei
1867 2189 2146 2263 publicae

389 2286 620 2345 querar,
652 2287 788 2326 cum
829 2287 1012 2344 prope
1059 2269 1541 2344 inspectantibus
1577 2268 1750 2324 vobis
1794 2268 2011 2325 classis
2055 2286 2142 2338 ea,

389 2350 485 2407 cui
515 2349 724 2406 consul
753 2349 960 2423 populi
992 2348 1258 2405 Romani
1288 2348 1670 2422 praepositus
1703 2353 1884 2417 esset,
1918 2366 1955 2404 a
1983 2365 2148 2423 prae·

388 2429 649 2486 donibus
704 2435 883 2501 capta
938 2434 1116 2503 atque
1181 2445 1471 2503 oppressa
1524 2425 1655 2484 est?
1747 2426 1870 2483 Pro
1927 2426 1989 2483 di
2044 2428 2149 2483 im·

389 2506 709 2566 mortales!
796 2508 1136 2565 Tantamne
1167 2507 1347 2563 unius
1385 2506 1648 2564 hominis
1678 2505 2051 2563 incredibilis
2079 2522 2148 2562 ac

285 2587 360 2643 30
390 2588 598 2645 divina
623 2588 818 2645 virtus
860 2593 985 2643 tam
1030 2587 1195 2644 brevi
1237 2593 1506 2662 tempore
1547 2586 1741 2643 lucem
1786 2585 2021 2643 adferre
2064 2585 2149 2642 rei

387 2668 662 2742 publicae
691 2666 907 2741 potuit,
940 2672 1008 2723 ut
1036 2684 1163 2735 VOS,
1195 2666 1295 2740 qui
1338 2666 1518 2723 modo
1548 2671 1689 2722 ante
1719 2664 1945 2721 ostium
1977 2665 2148 2722 Tibe-

389 2748 588 2804 rinum
618 2747 874 2804 classem
905 2746 1171 2803 hostium
1198 2746 1517 2814 videbatis,
1544 2762 1703 2802 nunc
1733 2745 1962 2801 nullam
1992 2745 2150 2800 intra

394 2826 619 2884 Oceani
663 2825 887 2883 ostium
944 2827 1316 2899 praedonum
1375 2842 1592 2881 navem
1646 2841 1781 2881 esse
1842 2821 2147 2881 audiatis?

394 2906 602 2979 Atque
646 2905 792 2963 haec
822 2923 942 2980 qua
971 2905 1276 2962 celeritate
1304 2911 1481 2978 gesta
1522 2904 1645 2961 sint
1673 2921 2042 2979 quamquam
2070 2902 2151 2959 vi-

285 2984 362 3042 35
393 2985 569 3055 detis,
594 2991 799 3041 tamen
830 3001 866 3039 a
888 3002 982 3041 me
1012 2985 1075 3040 in
1099 2985 1354 3041 dicendo
1384 2983 1824 3058 praetereunda
1846 3000 1969 3039 non
1993 2988 2145 3039 sunt.

397 3064 551 3134 Quis
579 3063 740 3119 enim
782 3081 1066 3137 umquam
1115 3070 1221 3120 aut
1251 3063 1510 3134 obeundi
1549 3063 1775 3137 negotii
1819 3071 1926 3119 aut
1955 3078 2152 3119 conse-

396 3142 620 3215 quendi
650 3149 940 3215 quaestus
983 3143 1186 3198 studio
1221 3148 1349 3198 tam
1394 3142 1562 3198 brevi
1593 3148 1861 3215 tempore
1891 3149 1986 3199 tot
2026 3141 2151 3198 loca

399 3219 581 3284 adire,
612 3224 817 3275 tantos
847 3237 1059 3276 cursus
1088 3220 1374 3277 conficere
1416 3221 1631 3296 potuit,
1664 3238 1844 3295 quam
1884 3221 2152 3279 celeriter

406 3294 516 3351 On.
555 3296 845 3370 Pompeio
888 3298 1038 3354 duce
1083 3299 1242 3355 tanti
1288 3300 1431 3357 “›elli
1477 3301 1744 3377 impetus
1791 3294 2150 3377 navigavit?
