2284 3717
269 141 392 206 172
485 154 1082 205 u.r.c1onaon15
1132 154 1278 201 PRO
1332 152 1748 210 Q.1.1eAmo
1801 151 2102 200 ossAmo,

370 314 557 371 etiam
589 312 662 369 de
708 311 842 369 aliis
883 310 1247 385 quibusdam
1284 311 1708 385 quaestoribus
1751 309 2134 367 reminiscen-

370 399 492 450 tem
515 391 829 449 reeordari.
905 392 1027 448 Hic
1059 392 1244 465 igitur
1267 390 1334 448 Τ.
1363 391 1665 464 Ligarius,
1692 390 1793 465 qui
1819 398 1952 446 tum
1981 390 2133 445 nihil

371 474 499 548 egit
544 472 707 528 aliud
756 472 978 545 (neque
1007 471 1171 527 enim
1213 470 1360 527 haec
1389 471 1754 543 divinabat),
1787 469 1904 525 nisi
1943 476 2014 526 ut
2041 469 2134 525 tui

373 570 511 609 eum
559 551 897 608 studiosum
938 556 1001 608 et
1043 551 1268 607 bonum
1308 551 1503 606 virum
1536 551 1860 623 judicares»,
1895 566 2056 605 nunc
2100 568 2136 605 a

306 634 342 690 5
374 638 434 688 te
466 632 721 705 supplex
750 630 954 686 fratris
980 629 1235 687 salutem
1268 631 1454 705 petit:
1499 647 1680 703 quam
1712 629 1890 702 hujus
1934 630 2138 686 admo-

373 712 539 767 nitus
584 710 774 767 officio
820 728 955 767 cum
1002 709 1276 784 utrisque
1324 709 1419 765 his
1457 709 1710 779 dederis
1741 714 1868 765 tres
1915 709 2137 765 fratres

377 789 637 865 optimos
667 795 730 846 et
758 788 1181 864 integerrimos
1220 806 1341 845 non
1372 789 1566 845 solum
1597 789 1713 845 sibi
1742 789 1911 863 ipsos
1940 806 2137 862 nequo

375 869 470 926 his
500 876 593 926 tot
623 887 690 926 ac
719 870 946 925 talibus
976 868 1123 925 viris
1167 886 1359 943 neque
1390 868 1566 925 nobis
1596 868 1960 926 necessariis
1989 869 2134 937 tuiS,

375 950 481 1006 sed
523 949 709 1005 etiam
758 949 842 1005 rei
884 949 1162 1023 publicae
1213 947 1663 1006 condonaveriS.
1756 946 1884 1004 Fac
1933 948 2134 1022 igitur,

277 1031 350 1087 10
375 1029 534 1103 quod
586 1028 659 1085 de
716 1027 956 1085 homine
1012 1028 1391 1085 nobilissimo
1442 1033 1505 1084 et
1548 1028 1890 1090 clarissimo
1941 1028 2137 1084 fecisti

376 1125 565 1181 nuper
595 1108 657 1163 in
686 1108 868 1177 curia,
902 1125 1059 1164 nuno
1088 1108 1247 1164 idem
1280 1107 1342 1164 in
1371 1107 1498 1164 foro
1529 1107 1601 1163 de
1632 1108 1877 1181 optimis
1905 1112 1972 1164 et
2002 1107 2138 1164 huic

377 1188 540 1243 omni
571 1187 944 1261 frequentiae
986 1187 1438 1262 probatissimis
1479 1187 1784 1244 fratribus.
1873 1186 1966 1244 Ut
2008 1204 2140 1244 con-

376 1267 614 1323 cessisti
644 1266 811 1322 illum
844 1266 1100 1337 senatui,
1133 1267 1222 1323 sic
1252 1267 1330 1323 da
1360 1266 1519 1324 hunc
1558 1267 1804 1341 populO,
1836 1269 2011 1340 cujus
2042 1283 2141 1324 vo-

376 1345 672 1403 luntatem
695 1346 1073 1403 carissimam
1102 1364 1339 1422 semper
1368 1346 1654 1415 habuisti,
1687 1351 1766 1414 et,
1794 1347 1847 1403 si
1878 1347 1981 1404 ille
2013 1347 2137 1403 dies

277 1427 347 1485 15
379 1426 487 1482 tibi
515 1426 1005 1500 gloriosissimuS,
1027 1426 1252 1501 populo
1280 1425 1560 1483 Romano
1591 1425 1983 1499 gratissimus
2008 1426 2135 1497 fuit,

379 1505 520 1575 noli,
554 1505 820 1575 obsecro,
852 1505 1146 1577 dubitare,
1186 1505 1251 1564 O.
1288 1505 1531 1575 Caesar,
1577 1506 1836 1562 similem
1882 1507 1973 1563 illi
2019 1506 2139 1581 glo-

379 1585 504 1641 riae
546 1584 790 1641 laudem
822 1603 1005 1659 quam
1051 1584 1404 1658 saepissime
1444 1601 1741 1658 quaerere.
1827 1586 2006 1643 Nihil
2048 1591 2139 1643 est

378 1670 503 1721 tam
534 1665 823 1738 populare
853 1682 1034 1739 quam
1066 1663 1325 1734 bonitas,
1357 1664 1526 1721 nulla
1553 1666 1627 1722 de
1658 1665 1991 1723 virtutibus
2018 1667 2137 1723 tuis

379 1742 655 1817 plurimis
702 1762 811 1802 neo
859 1744 1275 1801 admirabilior
1309 1762 1416 1801 nec
1458 1745 1689 1818 gratior
1729 1745 2139 1803 misericordia

276 1825 350 1881 20
380 1827 490 1879 est.
584 1822 882 1880 Homines
928 1824 1090 1880 enim
1120 1825 1198 1881 ad
1228 1824 1374 1880 deos
1403 1824 1569 1880 nulla
1594 1842 1656 1881 re
1685 1826 1937 1899 propius
1986 1844 2139 1883 acce·

381 1902 534 1959 dunt
562 1920 742 1976 quam
787 1904 1045 1960 salutem
1090 1902 1438 1960 hominibus
1478 1904 1714 1974 dando;
1758 1905 1912 1961 nihil
1958 1905 2138 1963 habet

378 1999 490 2038 nec
519 1981 763 2038 fortuna
790 1988 899 2039 tua
943 1984 1137 2056 majus
1184 2001 1365 2057 quam
1412 1989 1480 2039 ut
1522 1984 1739 2056 possiS,
1771 2002 1883 2042 nec
1922 1993 2138 2042 natura

381 2061 600 2117 melius
624 2080 809 2136 quam·
830 2069 897 2118 ut
921 2062 1074 2119 velis
1100 2080 1339 2120 servare
1363 2080 1542 2138 quam
1567 2064 1874 2136 plurimos.
1920 2064 2140 2139 Longi-

381 2157 546 2197 orem
593 2142 924 2198 orationem
971 2159 1158 2199 causa
1200 2143 1458 2199 forsitan
1498 2144 1786 2218 postulet,
1832 2149 1943 2201 tua
1984 2152 2136 2202 certe

277 2222 350 2278 25
380 2226 597 2276 natura
626 2220 977 2279 breviorem.
1053 2221 1253 2294 Quare
1284 2240 1421 2279 cum
1463 2223 1677 2279 utilius
1706 2240 1839 2281 esse
1884 2225 2138 2281 arbitrer

382 2304 443 2355 te
492 2299 694 2373 ipsum
747 2318 927 2375 quam
984 2318 1079 2357 me
1130 2307 1240 2357 aut
1289 2319 1653 2377 quemquam
1710 2303 1877 2378 loqui
1921 2311 2133 2373 tecum,

381 2377 558 2435 finem
608 2381 737 2452 jam
795 2380 1044 2438 faciam:
1115 2386 1355 2438 tantum
1411 2387 1472 2437 te
1530 2382 1889 2455 admonebo,
1943 2385 1995 2441 si
2051 2383 2135 2439 illi

384 2458 618 2514 absenti
665 2458 921 2517 salutem
966 2459 1220 2532 dederis,
1251 2462 1673 2536 praesentibus
1718 2462 1817 2521 his
1859 2464 2136 2521 omnibus

383 2543 443 2594 te
472 2538 771 2596 daturum.
