2284 3717
542 169 631 217 m
680 169 745 217 L.
791 169 1213 217 caraman
1264 171 1541 219 oRA‘mo
1591 172 1697 220 ιν.
1960 156 2041 222 57

180 324 326 382 tium
369 343 632 384 numero
677 325 987 383 habendos
1025 333 1192 401 puto.
1279 326 1478 386 Ceteri
1523 346 1681 398 ver0,
1727 328 1786 385 di
1831 328 1938 386 im·

181 405 506 464 mortales!
539 424 663 481 qua
690 406 1043 480 frequentia,
1069 424 1187 480 quo
1218 407 1434 476 studio,
1455 426 1575 482 qua
1605 409 1827 465 virtute
1858 409 1936 466 ad

181 482 567 543 communem
638 485 897 542 salutem
967 486 1444 561 dIgnitatemque
1514 487 1932 546 consentiunt!

183 562 484 639 Quid-ego
507 564 609 621 hic
631 564 866 639 equites
895 564 1208 621 Romanos
1231 565 1732 624 commemorem?
1818 567 1933 641 Qui

180 642 355 699 vobis
381 644 474 700 ita
503 661 806 700 summam
836 644 1062 700 ordinis
1104 644 1455 719 consiliique
1485 647 1836 716 concedunt,
1867 653 1935 704 ut
2004 647 2039 705 5

179 722 498 780 vobiscum
541 723 617 780 de
659 735 860 779 amore
903 723 987 779 rei
1030 723 1306 798 publicae
1348 731 1617 798 certent;
1667 743 1818 800 quos
1859 743 1934 783 ex

179 800 510 858 multorum
544 818 839 858 annorum
868 801 1241 859 dissensione
1272 801 1448 877 hujus
1483 804 1710 862 ordinis
1739 804 1814 862 ad
1845 822 1936 862 so-

179 879 464 937 cietatem
514 880 1015 956 concordiamque
1063 888 1381 939 revocatos
1433 882 1758 940 hodiernus
1803 884 1932 941 dies

177 958 494 1016 vobiscum
526 964 705 1034 atque
736 959 882 1017 haec
910 977 1095 1017 causa
1123 962 1437 1036 conjungit
1454 981 1471 1034 3
1506 981 1689 1038 quam
1718 963 1770 1020 si
1802 980 1936 1020 con-

182 1038 584 1110 junctionem,
610 1039 672 1095 in
702 1039 1021 1096 consulatu
1043 1039 1455 1098 confirmatam
1486 1060 1638 1112 me0‚
1661 1049 1936 1118 perpetu·
1966 1043 2040 1101 10

177 1134 274 1174 am
303 1118 366 1175 in
395 1135 466 1175 re
494 1117 735 1192 publica
762 1118 1152 1188 tenuerimuS,
1185 1120 1468 1182 confirmo
1497 1123 1673 1179 vobis
1702 1122 1932 1178 nullum

173 1196 437 1271 posthac
466 1197 691 1253 malum
726 1198 901 1254 civile
945 1215 1015 1254 ac
1055 1198 1453 1256 domesticum
1498 1202 1575 1258 ad
1618 1202 1806 1258 ullam
1852 1200 1933 1257 rei

173 1276 457 1350 publicae
485 1282 719 1349 partem
749 1293 881 1333 esse
905 1282 1244 1335 venturum.
1321 1279 1464 1336 Pari
1494 1280 1698 1337 studio
1737 1281 1935 1337 defen·

174 1355 412 1413 dendae
427 1355 511 1412 rei
526 1356 795 1430 publicae
808 1357 1162 1413 convenisse
1176 1357 1352 1415 video
1364 1359 1635 1416 tribunos
1650 1360 1932 1428 aerariOS,

171 1435 548 1493 fortissimos
577 1434 772 1508 viros3
816 1436 1043 1492 scribas
1073 1435 1217 1492 item
1248 1438 1584 1508 univerSOS‚
1614 1457 1767 1514 quos
1796 1456 1930 1495 cum
1965 1440 2036 1497 15

171 1532 320 1572 casu
364 1514 468 1571 hic
509 1513 641 1570 dies
682 1514 757 1571 ad
801 1514 1097 1571 aerarium
1138 1515 1594 1589 frequentasset,
1642 1519 1815 1575 video
1859 1518 1934 1574 ab

168 1593 628 1668 exspectatione
651 1592 833 1650 sortis
863 1594 940 1650 ad
964 1595 1221 1651 salutem
1245 1612 1622 1653 communem
1645 1615 1777 1655 esse
1801 1615 1935 1655 con-

170 1690 404 1730 versos.
494 1670 707 1729 Omnis
736 1673 1136 1746 ingenuorum
1166 1673 1340 1731 adest
1372 1677 1715 1745 multitudo,
1747 1678 1930 1733 etiam

168 1751 677 1810 tenuissimorum
702 1771 718 1825 ;
760 1752 893 1826 quis
922 1757 1018 1808 est
1048 1753 1210 1808 enim
1240 1754 1333 1810 cui
1362 1772 1481 1811 non
1512 1754 1659 1813 haec
1686 1756 1930 1830 templa,

170 1837 463 1907 aspectus
493 1830 673 1899 urbis,
696 1831 1005 1907 possessio
1027 1832 1340 1903 libert-atis,
1365 1834 1467 1891 lux
1496 1835 1751 1910 denique
1784 1835 1932 1892 haec
1961 1838 2037 1895 20

168 1911 308 1986 ipsa
337 1916 405 1968 et
435 1909 548 1966 hoc
575 1927 888 1968 commune
919 1911 1152 1984 patriae
1183 1912 1379 1968 solum
1420 1931 1556 1971 cum
1598 1915 1682 1971 sit
1722 1932 1926 1972 carum

165 1996 299 2048 tum
332 2007 481 2046 vero
511 1989 683 2046 dulce
714 1995 894 2064 atque
914 1989 1295 2063 jucundum?

252 2073 306 2128 8.
359 2067 594 2144 Operae
635 2069 896 2143 pretium
940 2074 1051 2138 est,
1082 2075 1290 2143 patres
1332 2072 1670 2147 conscripti,
1707 2072 1934 2130 liberti-

166 2165 393 2206 norum
424 2147 735 2204 hominum
767 2148 970 2204 studia
1005 2165 1382 2221 cognoscere,
1414 2152 1533 2226 qui,
1566 2170 1678 2209 sua
1708 2153 1930 2209 virtute

166 2228 482 2285 fortunam
519 2225 697 2300 hujus
741 2227 1011 2284 civitatis
1058 2230 1382 2299 consecuti,
1416 2229 1570 2289 hanc
1615 2248 1787 2287 suam
1832 2249 1933 2305 pa·
1962 2235 2036 2290 25

165 2308 356 2364 triam
376 2306 671 2380 judicant,
698 2324 877 2380 quam
911 2307 1159 2381 quidam
1183 2307 1280 2365 hic
1302 2309 1431 2365 nati
1456 2319 1518 2366 et
1542 2328 1777 2369 summo
1799 2311 1930 2368 loco

166 2387 300 2443 nati
334 2403 454 2442 non
485 2385 746 2459 patriam
777 2403 969 2454 suam,
1001 2386 1107 2442 sed
1146 2387 1351 2443 urbem
1379 2387 1644 2446 hostium
1673 2408 1806 2447 esse
1841 2392 1933 2463 ju-

167 2466 552 2523 dicaverunt.
630 2463 749 2521 Sed
773 2465 916 2539 quid
941 2483 1054 2539 ego
1078 2464 1257 2522 hosce
1281 2466 1556 2526 homines
1574 2469 1930 2543 ordinesque

166 2560 597 2613 commemorO,
619 2561 768 2618 quos
795 2545 1069 2618 privatae
1101 2545 1391 2615 fortunae,
1418 2565 1569 2621 quos
1598 2549 1931 2606 communis

165 2642 267 2681 res
311 2622 576 2698 publica,
607 2640 758 2696 quos
801 2622 1054 2697 denique
1082 2623 1347 2694 libertaS‚
1379 2644 1451 2681 ea
1480 2645 1632 2700 quae
1662 2623 1931 2684 dulcissi-
1959 2632 2036 2686 30

168 2721 274 2760 ma
302 2708 415 2771 est,
450 2702 528 2759 ad
572 2701 829 2758 salutem
867 2702 1098 2775 patriae
1128 2703 1564 2762 defendendam
1592 2705 1927 2764 excitavit?

172 2782 411 2841 Servus
441 2787 541 2837 est
569 2797 745 2837 nemo
776 2781 877 2853 qui
912 2782 1092 2837 modo
1122 2781 1418 2839 tolerabili
1462 2786 1808 2843 condicione
1849 2787 1932 2842 sit

174 2861 519 2929 servitutis,
566 2859 668 2934 qui
712 2876 831 2915 non
877 2861 1192 2917 audaciam
1235 2862 1455 2919 civium
1496 2865 1926 2938 perhorrescat,

167 2941 427 3017 quinon
459 2939 608 2997 haec
649 2944 811 2995 stare
855 2940 1074 3013 cupiat,
1105 2940 1207 3013 qui
1249 2958 1368 2997 non
1413 2951 1705 3016 quantum
1751 2945 1930 3000 audet

167 3027 231 3077 et
261 3024 560 3094 quantum
605 3023 808 3091 potest
854 3019 1121 3075 conferat
1168 3019 1242 3075 ad
1289 3021 1546 3078 salutem
1579 3024 1924 3080 voluntatis.
1959 3021 2033 3077 35

172 3100 382 3172 Quare
412 3098 462 3154 si
501 3114 679 3171 quem
710 3103 977 3153 vestrum
1024 3098 1178 3153 forte
1224 3107 1562 3158 commovet
1608 3101 1735 3169 hoc,
1769 3102 1929 3175 quod

168 3177 453 3235 auditum
484 3182 594 3246 est,
626 3175 901 3232 lenonem
944 3176 1243 3251 quendam
1288 3178 1533 3236 Lentuli
1578 3196 1929 3236 concursare

166 3257 399 3314 circum
429 3256 730 3325 tabernae,
761 3255 954 3329 pretio
985 3271 1225 3328 sperare
1256 3257 1566 3313 sollicitari
1594 3273 1770 3329 posse
1808 3256 1930 3309 ani·

164 3351 312 3398 mos
361 3335 669 3410 egentium
718 3340 898 3409 atque
948 3333 1376 3408 imperitorum,
1428 3341 1522 3391 est
1576 3334 1640 3389 id
1687 3332 1930 3405 quidem

20 3425 85 3674 l
