2284 3717
297 145 426 209 180
819 161 894 208 u.
927 159 1187 208 runnu
1236 157 1631 207 monnoms

405 316 674 374 ordinem
717 318 908 388 duxit,
930 318 1201 391 judicet.'
1283 316 1374 374 At
1414 317 1467 374 si
1507 315 1763 387 ferretis,
1797 316 2158 392 quicumque

403 414 559 471 equo
589 399 930 467 meruisset,
955 399 1113 472 quod
1135 402 1232 454 est
1259 397 1504 467 lautius,
1524 396 1753 465 nemini
1783 398 2156 470 probaretis3

404 476 465 532 in
487 478 689 550 judice
718 479 877 534 enim
906 478 1168 552 spectari
1195 483 1258 534 et
1286 477 1529 533 fortuna
1567 477 1745 533 debet
1773 485 1838 532 et
1869 478 2154 552 dignitas,

406 555 495 612 ‘N
504 574 581 613 on
638 560 905 632 quaero’.
958 557 1159 632 inquit
1216 561 1230 586 ⁴
1254 557 1410 614 ista:
1479 556 1636 612 addo
1691 555 1882 612 etiam
1932 558 2158 630 judices

234 678 239 682 .
338 635 374 692 5
405 637 812 711 manipulares
867 655 944 694 ex
996 637 1234 711 legione
1295 637 1702 709 Alaudarum3
1772 635 1954 693 aliter
2008 636 2158 693 enim

356 712 361 717 ’
407 717 599 772 nostri
628 722 857 789 negant
883 734 1064 791 posse
1107 734 1172 772 se
1214 716 1418 773 salvos
1458 718 1632 773 esse.'
1715 713 1769 771 O
1814 714 2160 772 contumeli-

406 812 579 852 osum
608 795 895 853 honorem
917 797 1022 865 eie,
1043 813 1195 871 quos
1219 797 1295 852 ad
1310 795 1702 869 judicandum
1726 796 2160 869 necopinantes

408 876 642 932 vocatis
663 875 676 933 1
762 875 881 933 Hic
909 876 1067 932 enim
1098 882 1195 933 est
1215 875 1373 949 legis
1396 875 1593 943 index,
1619 881 1688 930 ut
1711 873 1753 930 ii
1777 891 1877 931 res
1902 875 1964 931 in
1987 874 2160 932 tertia

407 954 649 1012 decuria
668 955 957 1029 judicent,
981 955 1084 1030 qui
1115 955 1296 1012 libere
1316 955 1585 1028 judicare
1615 971 1736 1010 non
1766 955 2070 1012 audeant:
2100 954 2160 1010 in

303 1032 377 1089 10
408 1052 527 1107 quo
545 1040 810 1109 quantus
822 1052 987 1091 error
998 1040 1108 1104 est,
1126 1035 1188 1092 di
1203 1034 1573 1091 immortales
1588 1032 1601 1091 l
1621 1050 1828 1089 eorum
1838 1079 1850 1103 ,
1868 1035 1972 1109 qui
1985 1034 2159 1090 istam

406 1113 601 1188 legem
634 1113 1161 1188 excogitaverunt!
1234 1114 1325 1171 Ut
1351 1115 1510 1170 enim
1544 1113 1797 1188 quisque
1822 1113 2159 1171 sordidissi-

408 1210 546 1250 mus
577 1195 897 1265 videbitur,
928 1195 1017 1251 ita
1056 1194 1457 1250 libentissime
1488 1193 1816 1250 severitate
1845 1192 2156 1266 judicandi

411 1274 620 1330 sordes
639 1291 784 1331 suas
801 1274 965 1331 eluet
980 1274 1401 1347 laborabitque
1416 1279 1485 1329 ut
1497 1272 1771 1330 honestis
1789 1272 2050 1330 decuriis
2066 1290 2161 1347 po-

409 1351 536 1409 tius
560 1354 784 1427 dignus
813 1354 1093 1411 videatur
1111 1371 1294 1428 quam
1324 1353 1385 1409 in
1416 1359 1657 1427 turpem
1677 1353 1811 1426 jure
1841 1355 2157 1427 conjectus,

305 1434 377 1491 15
491 1436 541 1490 9.
603 1433 817 1491 Altera
872 1433 1257 1508 promulgata
1309 1433 1408 1489 lex
1460 1439 1570 1502 est,
1622 1439 1694 1488 ut
1745 1435 1811 1487 et
1859 1433 1938 1489 de
1988 1434 2051 1489 vi
2101 1437 2161 1489 et

407 1513 743 1585 majestatis
793 1512 1063 1570 damnati
1111 1513 1189 1569 ad
1238 1512 1526 1588 populum
1579 1517 1931 1587 provocent,
1978 1513 2032 1569 si
2070 1529 2163 1568 ve-

408 1589 537 1649 lint.
625 1592 798 1650 Haec
848 1599 1050 1649 utrum
1090 1593 1338 1649 tandem
1375 1592 1482 1648 ‘lex
1524 1600 1621 1648 est
1665 1608 1743 1647 an
1779 1591 2004 1666 legum
2048 1609 2162 1649 om-

409 1671 578 1727 nium
639 1670 1006 1730 dissolutio?
1093 1673 1246 1744 Quis
1297 1679 1391 1729 est
1439 1671 1601 1727 enim
1646 1671 1827 1728 hodie
1870 1672 2045 1746 cujus
2083 1671 2162 1727 in-

409 1752 585 1809 tersit
615 1751 797 1809 istam
820 1752 1016 1826 legem
1045 1750 1333 1808 manere?
1417 1750 1615 1807 Nemo
1636 1768 1777 1807 reus
1805 1758 1904 1808 est
1931 1751 2160 1824 legibus

305 1828 380 1885 20
409 1829 546 1901 illis,
596 1849 774 1889 nemo
823 1850 999 1907 quem
1051 1831 1321 1887 futurum
1370 1837 1689 1904 putemus;
1764 1831 1957 1888 armis
2005 1832 2160 1888 enim

416 1917 592 1984 gesta
642 1929 972 1986 numquam
1016 1911 1286 1985 profecto
1330 1910 1394 1967 in
1440 1910 1736 1983 ,iudicium
1766 1911 2157 1968 vocabuntur.

410 1991 502 2048 At
528 2008 624 2047 res
665 1991 991 2066 popularis,
1079 1989 1334 2047 Utinam
1378 1990 1621 2065 quidem
1665 1989 1897 2065 aliquid
1928 1990 2162 2048 velletis

408 2087 542 2127 esse
571 2070 895 2146 popularel
981 2069 1209 2127 Omnes
1251 2070 1409 2127 enim
1447 2071 1576 2143 jam
1606 2069 1773 2126 cives
1813 2070 1890 2127 de
1935 2071 2026 2127 rei
2064 2087 2166 2146 pu·

409 2151 598 2207 blicae
623 2150 817 2207 salute
843 2167 963 2206 una
981 2156 1043 2206 et
1062 2157 1263 2206 mente
1285 2156 1346 2207 et
1361 2168 1505 2206 voce
1523 2149 1930 2207 consentiunt.
1999 2151 2163 2223 Quae

304 2231 378 2289 25
408 2237 504 2287 est
545 2230 734 2305 igitur
779 2230 898 2286 ista
945 2230 1245 2304 cupiditas
1288 2229 1442 2303 legis
1490 2230 1619 2303 ejus
1663 2229 1967 2299 ferendae,
2015 2246 2163 2305 quae

410 2309 846 2382 turpitudinem
906 2326 1208 2365 summam
1264 2308 1502 2376 habeat,
1562 2309 1827 2382 gratiam
1887 2307 2163 2367 nullam?

413 2389 576 2461 Quid
626 2389 788 2446 enim
843 2389 1079 2462 turpius
1135 2406 1313 2463 quam
1370 2387 1474 2463 qui
1520 2389 1902 2461 majestatem
1958 2387 2164 2463 populi

418 2468 680 2525 Romani
725 2468 1010 2524 minuerit
1050 2485 1159 2542 per
1191 2468 1330 2537 vim,
1365 2485 1505 2524 eum
1546 2468 1907 2524 damnatum
1941 2468 2163 2542 judicio

419 2549 496 2605 ad
539 2566 672 2605 eam
724 2548 915 2622 ipsam
962 2547 1085 2603 vim
1133 2547 1371 2618 reverti,
1400 2555 1642 2622 propter
1687 2564 1871 2621 quam
1914 2549 1999 2605 sit
2035 2549 2161 2622 jure

305 2634 379 2690 30
411 2625 779 2684 damna-tus?
853 2627 970 2685 Sed
1003 2627 1149 2701 quid
1174 2627 1346 2702 plura
1368 2628 1441 2683 de
1466 2626 1597 2700 lege
1621 2626 1867 2702 disputo
1888 2625 1916 2683 ἲ
1983 2626 2165 2700 Quasi

413 2725 555 2764 vero
584 2708 647 2764 id
677 2712 895 2780 agatur
923 2713 992 2763 ut
1021 2707 1338 2781 quisquam
1382 2711 1703 2781 provocet:
1747 2706 1809 2762 id
1855 2707 2075 2781 agitur,
2103 2706 2163 2762 id

413 2787 617 2857 fertur,
650 2804 724 2843 ne
768 2786 905 2860 quis
949 2780 1195 2842 omnino
1237 2803 1524 2860 umquam
1568 2785 1704 2841 istis
1747 2785 1991 2860 legibus
2032 2801 2164 2843 reus

412 2865 551 2923 fiat:
583 2866 720 2939 quis
748 2866 909 2921 enim
942 2871 1047 2922 aut
1077 2871 1389 2922 accusator
1424 2872 1551 2921 tam
1582 2881 1793 2920 amens
1822 2866 2163 2941 reperietur,

414 2946 517 3020 qui
546 2963 645 3002 reo
676 2945 1074 3002 condemnato
1105 2945 1357 3018 objicere
1401 2962 1465 3001 se
1508 2943 1889 3002 multitudini
1920 2946 2167 3003 conduc-

307 3030 384 3087 35
414 3032 514 3083 tae
558 3024 719 3090 velit,
752 3030 859 3079 aut
890 3024 1078 3097 judex
1123 3025 1224 3098 qui
1266 3041 1435 3080 reum
1480 3024 1768 3080 damnare
1816 3025 2054 3094 audeat,
2100 3028 2168 3081 ut

412 3106 541 3177 ipse
563 3104 639 3159 ad
663 3119 876 3175 operas
894 3104 1291 3159 mercenarias
1314 3104 1517 3159 statim
1539 3103 1975 3178 protrahatur?
2031 3102 2168 3161 Nou

416 3182 605 3252 igitur
630 3181 981 3252 provocatio
1010 3180 1129 3235 ista
1159 3181 1292 3253 lege
1323 3182 1518 3251 datur,
1552 3182 1657 3238 sed
1702 3183 1861 3242 duae
1904 3184 2165 3241 maxime

419 3258 718 3311 salutares
751 3255 918 3326 leges
947 3259 1452 3333 quaestionesque
1487 3261 1799 3321 tolluntur.
1890 3265 2050 3337 Quid
2079 3266 2169 3321 est
2259 3286 2260 3293 ¹

419 3332 584 3386 aliud
612 3332 841 3387 hortari
871 3332 1299 3406 adolescentes,
1325 3344 1394 3394 ut
1410 3339 1762 3412 turbulenti,
1789 3347 1862 3400 ut
1883 3341 2166 3414 seditiosi,
