2284 3717
226 133 312 195 90
750 148 823 195 M.
858 148 1117 195 'runnu
1169 149 1565 196 CICERONIS

333 305 397 361 in
425 322 543 380 quo
573 304 656 361 sit
683 304 902 361 eximia
922 304 1064 361 belli
1087 306 1360 376 scientia,
1387 306 1716 380 singularis
1743 306 1957 378 virtus,
1985 307 2105 364 cla-

336 386 577 441 rissima
620 386 965 453 auctoritaS‚
1002 386 1250 459 egregia
1280 386 1536 452 fortuna,
1570 386 1878 456 dubitatis,
1905 387 2106 459 Quiri-

335 470 447 532 teS,
473 466 612 539 quin
648 465 756 521 hoc
779 471 1017 521 tantum
1051 466 1206 533 boni,
1234 466 1394 538 quod
1421 466 1593 522 vobis
1625 466 1698 522 ab
1728 467 1824 522 dis
1853 467 2091 523 immor-

336 545 561 601 talibus
593 544 861 600 oblatum
890 551 951 600 et
981 545 1190 600 datum
1219 551 1328 610 est,
1361 544 1421 602 in
1465 562 1589 601 rem
1629 546 1933 619 publicam
1964 563 2104 602 con-

270 626 308 681 5
338 624 700 681 servandam
732 631 912 697 atque
943 623 1424 699 amplificandam
1454 622 1820 682 conferatis?
1923 634 1950 644 ‘

424 706 453 759 1
466 707 514 762 7.
543 704 720 775 Quod
736 704 786 759 si
807 703 959 758 Rom
970 721 1036 759 ae
1054 702 1161 760 Cn.
1181 703 1509 777 Pompeius
1522 704 1797 779 privatus
1811 709 1975 761 esset
1989 703 2105 760 hoc

339 789 626 855 tempore,
651 788 856 838 tamen
887 783 964 838 ad
993 788 1236 839 tantum
1258 783 1482 839 bellum
1505 785 1557 840 is
1581 789 1710 839 erat
1738 784 2104 857 deligendus

343 869 522 937 atque
544 862 904 934 mittendus3
933 879 1091 918 nunc
1114 879 1252 918 cum
1282 863 1357 919 ad
1386 869 1616 919 ceteras
1647 879 1916 918 summas
1946 861 2109 919 utili-

342 948 504 999 tates
534 942 681 998 haec
711 958 946 1015 quoque
971 942 1389 1015 opportunitas
1420 942 1795 1017 adjungatur,
1824 948 1893 998 ut
1921 943 1985 998 in
2014 942 2106 998 eis

243 1036 315 1092 10
344 1022 493 1095 ipsis
517 1022 663 1078 locis
693 1021 868 1089 adsit,
901 1027 970 1076 ut
999 1020 1223 1077 habeat
1251 1023 1598 1092 exercitum,
1632 1028 1698 1078 ut
1741 1022 1815 1077 ab
1856 1020 1966 1091 eiS,
1999 1020 2107 1096 qui

346 1102 585 1170 habent,
631 1101 894 1175 accipere
938 1100 1148 1156 statim
1190 1102 1401 1173 possit,
1445 1102 1590 1175 quid
1632 1097 2105 1175 exspectamus?

346 1180 480 1239 Aut
521 1198 623 1236 cur
667 1198 786 1236 non
829 1180 1081 1236 ducibus
1125 1180 1220 1236 dis
1262 1179 1701 1237 immortalibus
1745 1181 1962 1248 eidem,
2010 1180 2108 1236 cui

346 1267 546 1318 cetera
595 1277 832 1315 summa
881 1276 1017 1316 cum
1068 1260 1262 1316 salute
1320 1260 1405 1315 rei
1459 1260 1734 1333 publicae
1780 1259 2111 1316 commissa

348 1346 508 1409 sunt,
541 1338 651 1395 hoe
681 1356 913 1413 quoque
943 1338 1167 1395 bellum
1197 1339 1424 1413 regium
1458 1337 1960 1396 committamus?

247 1432 319 1488 15
432 1419 520 1477 At
547 1419 708 1474 enim
737 1419 833 1474 vir
863 1418 1251 1486 clarissimus,
1287 1418 1743 1474 amantissimus
1783 1419 1869 1475 rei
1913 1417 2112 1493 publi-

352 1516 474 1569 cae,
509 1498 731 1554 vestris
775 1497 1076 1554 beneficiis
1107 1497 1499 1571 amplissimis
1529 1497 1791 1567 affectus,
1826 1498 1894 1570 Q.
1933 1497 2115 1555 Catu-

352 1578 464 1647 1113,
498 1579 762 1651 itemque
799 1576 1053 1633 summis
1097 1577 1469 1633 ornamentis
1514 1577 1776 1646 honoriS,
1808 1578 2108 1645 fortunae,

353 1657 618 1724 virtutiS,
664 1656 894 1731 ingenii
943 1656 1273 1729 praeditus,
1322 1657 1390 1729 Q.
1427 1656 1816 1725 HortensiUS,
1870 1658 1949 1713 ab
2000 1657 2116 1713 hac

353 1737 583 1793 ratione
614 1736 1014 1792 dissentiunt:
1059 1752 1313 1808 quorum
1342 1753 1455 1809 ego
1488 1737 1910 1792 auctoritatem
1952 1736 2117 1810 apud

250 1827 326 1883 20
357 1834 465 1872 vos
490 1815 694 1872 multis
718 1815 864 1872 locis
888 1816 1216 1889 plurimum
1243 1815 1505 1871 valuisse
1529 1820 1591 1871 et
1615 1815 1813 1871 valere
1838 1825 2117 1888 oportere

355 1897 651 1964 confiteor,
685 1896 790 1951 sed
818 1896 883 1950 in
914 1894 1026 1950 hac
1056 1912 1253 1964 causa,
1285 1894 1532 1951 tametsi
1574 1896 1955 1968 cognoscetis
1985 1913 2122 1952 auc-

356 1976 635 2032 toritates
666 1975 996 2045 contrarias
1028 1974 1295 2030 virorum
1324 1974 1791 2030 fortissimorum
1818 1979 1883 2031 et
1911 1975 2119 2031 claris·

358 2055 667 2123 simorum,
711 2059 915 2110 tamen
958 2053 1201 2109 omissis
1247 2054 1713 2110 auctoritatibus
1754 2053 1891 2128 ipsa
1936 2072 2000 2111 re
2050 2072 2121 2111 ac

357 2135 589 2190 ratione
638 2134 945 2207 exquirere
1001 2149 1330 2206 possumus
1372 2133 1709 2201 veritatem,
1764 2144 1944 2207 atque
2005 2134 2122 2191 hoc

182 2243 187 2244 ν
255 2224 328 2279 25
360 2213 610 2280 faciliuS,
637 2213 797 2286 quod
827 2213 897 2268 ea
919 2212 1137 2281 omnia,
1166 2230 1384 2286 quaea
1412 2230 1506 2268 me
1539 2212 1732 2268 adhuc
1756 2212 1923 2269 dicta
1956 2218 2118 2282 sunt,

360 2293 542 2349 iidem
583 2293 687 2348 isti
719 2310 862 2348 vera
896 2308 1028 2347 esse
1059 2293 1411 2359 concedunt,
1445 2299 1506 2347 et
1548 2293 1960 2348 necessarium
2003 2293 2121 2349 bel-

360 2372 486 2429 lum
516 2389 647 2427 esse
678 2377 739 2427 et
766 2388 1054 2444 magnum
1083 2375 1148 2427 et
1175 2371 1235 2427 in
1265 2389 1385 2427 uno
1419 2370 1526 2428 On.
1557 2370 1844 2445 Pompeio
1876 2369 2122 2429 summa

362 2469 496 2508 esse
543 2451 760 2507 omnia.
850 2449 1011 2522 Quid
1054 2450 1242 2523 igitur
1284 2451 1369 2506 ait
1412 2448 1819 2509 Hortensius?
1908 2451 1973 2508 Si
2017 2451 2123 2508 uni

364 2531 568 2597 omnia
595 2530 914 2586 tribuenda
943 2529 1082 2598 sint,
1115 2529 1544 2603 dignissimum
1573 2547 1707 2586 esse
1739 2529 2118 2604 Pompeium,

258 2619 335 2676 30
364 2611 471 2667 sed
523 2610 599 2666 ad
628 2626 833 2665 ‘unum
881 2615 1086 2663 tamen
1131 2609 1334 2665 omnia
1382 2608 1596 2664 deferri
1647 2625 1769 2664 non
1825 2605 2118 2683 oportere.

368 2689 683 2746 Obsolevit
702 2690 830 2761 jam
862 2688 982 2744 ista
1012 2688 1222 2756 orati0‚
1251 2705 1311 2744 re
1342 2687 1531 2743 multo
1562 2688 1758 2761 magis
1789 2707 1976 2762 quam
2002 2707 2125 2747 ver-

365 2770 458 2826 bis
488 2770 782 2840 refutata3
827 2785 967 2822 nam
1011 2773 1079 2822 tu
1121 2768 1297 2835 idem,
1334 2768 1402 2840 Q.
1441 2767 1747 2835 Hortensi,
1779 2769 1976 2824 multa
2017 2787 2124 2844 pro

365 2854 474 2906 tua
503 2865 741 2904 summa
769 2847 939 2920 copia
969 2864 1037 2903 ac
1067 2846 1360 2919 singulari
1392 2846 1674 2903 facultate
1705 2847 1944 2903 dicendi
1976 2857 2038 2906 et
2066 2850 2127 2904 in

373 2936 589 2984 senatu
621 2934 832 2983 contra
864 2927 1056 2981 virum
1101 2926 1333 2992 fortem,
1369 2926 1444 2982 A.
1481 2926 1824 2994 Gabinium,
1859 2929 2129 3000 graviter
2178 2940 2182 2944 ’

265 3014 340 3069 35
375 3013 701 3078 ornateque
734 3005 958 3070 dixisti,
992 3023 1121 3061 cum
1171 3005 1221 3061 is
1266 3005 1336 3061 (le
1378 3023 1497 3061 nno
1528 3006 1888 3078 imperatore
1920 3018 2128 3064 contra

374 3087 707 3157 praedones
751 3085 1174 3139 constituendo
1218 3084 1412 3157 legem
1458 3085 1922 3158 promulgasset,
1956 3099 2018 3143 et
2060 3104 2128 3143 ex

376 3163 487 3218 hoc
518 3164 645 3235 ips»
677 3162 804 3217 loco
837 3164 1133 3235 permulta
1164 3165 1307 3218 item
1338 3170 1544 3219 contra
1566 3182 1697 3219 eam
1728 3165 1923 3238 legem
1949 3168 2130 3223 verba

378 3241 589 3294 fecisti.
678 3239 883 3310 Quid?
970 3240 1139 3308 Tum,
1173 3259 1277 3314 per
1307 3243 1451 3298 deos
1487 3243 1859 3300 immortales
1904 3246 1956 3301 si
1999 3247 2133 3321 plus

380 3317 539 3387 apud
569 3318 858 3389 populum
882 3319 1231 3374 Romanum
1255 3322 1579 3378 auctoritas
1603 3328 1710 3378 tua
1734 3341 1921 3397 quam
1946 3325 2132 3403 ipsius
