2284 3717
266 143 392 207 158
785 160 860 206 M.
907 159 1168 205 ‘runnu
1219 158 1621 206 CICERONIS

366 320 478 384 est,
528 314 728 373 Tauro
774 321 951 373 tenus
994 333 1247 389 regnare
1290 317 1501 390 jussus
1545 321 1726 387 esset,
1769 335 2129 395 omnemque

370 395 526 452 hanc
565 396 797 466 Asiam,
829 413 981 471 quae
1028 403 1123 452 est
1169 414 1328 453 nunc
1373 402 1583 454 nostra
1624 398 1962 472 provincia,
1996 400 2131 455 ami·

370 476 566 544 sisset,
598 477 793 533 dicere
839 483 934 532 est
975 476 1194 533 solitus
1240 477 1496 550 benigne
1540 478 1654 533 sibi
1691 495 1726 532 a
1757 478 1985 550 populo
2018 480 2133 536 Ro·

367 572 547 612 mano
577 573 708 612 esse
739 556 982 625 factum,
1015 556 1177 629 quod
1222 557 1404 612 nimis
1439 574 1663 631 magna
1704 558 2131 631 procuratione

300 637 336 692 5
369 634 660 691 liberatus
716 635 965 691 modicis
1021 636 1193 709 regni
1249 636 1523 692 terminis
1580 644 1868 705 uteretur,
1929 642 2133 713 potest

366 715 558 770 multo
617 715 850 771 facilius
906 732 970 771 se
1029 714 1356 772 Deiotarus
1412 716 1743 773 consolari:
1810 716 1915 772 ille
1975 717 2132 773 enim

368 795 588 851 furoris
634 795 888 865 multam
935 795 1285 865 sustulerat,
1331 794 1429 853 hic
1473 796 1705 852 erroris.
1798 794 2029 852 Omnia
2067 802 2133 853 tu

368 872 677 944 DeiotarO,
712 874 956 944 Caesar,
995 875 1283 944 tribuisti,
1316 892 1452 931 cum
1494 880 1556 932 et
1596 875 1715 950 ipsi
1757 880 1821 931 et
1848 876 1993 932 -filio
2036 894 2134 933 no·

368 972 508 1010 men
551 954 785 1029 regium
816 954 1196 1011 concessisti:
1244 954 1356 1011 hoc
1393 955 1637 1011 nomine
1677 960 1919 1012 retento
1953 960 2131 1030 atque

266 1035 340 1091 10
373 1039 614 1090 servato
661 1034 893 1090 nullum
940 1034 1293 1092 beneficium
1339 1034 1547 1109 populi
1577 1034 1864 1106 Romani,
1899 1036 2132 1091 nullum

373 1114 671 1187 judicium
700 1114 774 1170 de
804 1131 868 1170 se
899 1119 1150 1170 senatus
1193 1114 1578 1170 imminutum
1614 1120 1806 1189 putat.
1896 1115 2131 1189 Magno

369 1194 569 1250 animo
598 1200 660 1250 et
687 1200 885 1250 erecto
928 1200 1039 1262 est,
1073 1211 1181 1250 nec
1224 1211 1513 1268 umquam
1548 1194 1913 1250 succumbet
1944 1195 2135 1251 inimi·

368 1273 471 1343 ciS,
504 1291 578 1329 ne
609 1273 884 1329 fortunae
918 1274 1176 1347 quidem.
1262 1273 1463 1330 Multa
1497 1291 1560 1329 se
1592 1274 1924 1330 arbitratur
1953 1281 2017 1331 et
2041 1291 2135 1349 pe·

369 1353 593 1428 perisse
626 1359 764 1409 ante
796 1353 971 1410 factis
1000 1360 1063 1409 et
1092 1353 1312 1409 habere
1343 1354 1408 1409 in
1436 1353 1638 1410 animo
1670 1360 1850 1427 atque
1884 1354 2131 1424 virtute,

266 1434 337 1490 15
369 1450 520 1507 quae
566 1432 729 1490 nullo
776 1433 956 1489 modo
997 1434 1194 1507 possit
1233 1433 1526 1489 amittere.
1617 1434 1784 1505 Quae
1829 1434 1995 1489 enim
2026 1434 2134 1490 for-

368 1519 518 1570 tuna
562 1520 668 1570 aut
714 1513 850 1587 quis
900 1530 1076 1569 casus
1124 1518 1231 1569 aut
1275 1530 1429 1586 quae
1471 1517 1643 1569 tanta
1686 1513 1883 1587 possit
1920 1514 2135 1587 injuria

371 1593 638 1648 oninium
682 1592 1114 1666 imperatorum
1158 1592 1230 1648 de
1276 1592 1564 1648 Deiotaro
1600 1593 1842 1648 decreta
1890 1590 2132 1650 delere?

370 1673 471 1729 Ab
502 1672 779 1728 omnibus
825 1673 982 1728 enim
1022 1679 1116 1728 est
1159 1677 1424 1742 ornatuS‚
1458 1672 1575 1745 qui,
1610 1679 1824 1745 postea
1854 1690 2042 1746 quam
2072 1673 2133 1728 in

369 1753 583 1808 castris
614 1769 745 1808 esse
774 1752 975 1825 potuit
995 1769 1102 1825 per
1125 1760 1404 1819 aetatem,
1424 1752 1484 1807 111
1515 1751 1690 1821 Asia,
1716 1751 2126 1826 Cappadocia,

266 1833 340 1888 20
372 1831 587 1900 Pont0‚
622 1830 853 1901 Cilicia,
889 1830 1067 1905 Syria
1109 1831 1266 1887 bella
1305 1837 1659 1905 gesserunt:
1707 1841 1962 1888 senatus
1993 1849 2130 1889 vero

374 1912 605 1985 judicia
651 1911 722 1967 de
770 1912 872 1968 illo
903 1920 1030 1967 tam
1077 1911 1272 1966 multa
1309 1919 1553 1986 tamque
1598 1910 1947 1980 honorifica,
1981 1929 2130 1986 quae

368 1992 628 2065 publicis
657 1991 865 2064 populi
896 1991 1161 2047 Romani
1191 1991 1411 2047 litteris
1449 1992 1978 2066 monumentisque
2003 2010 2134 2048 con·

371 2072 612 2145 signata
669 2077 827 2141 sunt,
875 2089 1028 2144 quae
1089 2087 1376 2144 umquam
1420 2075 1697 2126 vetustas
1754 2071 1972 2127 obruet
2028 2076 2134 2127 aut

370 2169 521 2224 quae
567 2158 742 2206 tanta
787 2151 1008 2207 delebit
1054 2148 1323 2206 oblivio?
1411 2149 1572 2223 Quid
1613 2150 1687 2206 de
1734 2151 1958 2207 virtute
2007 2153 2132 2225 ejus

265 2232 339 2288 25
370 2228 609 2287 dicam?
699 2230 790 2286 De
864 2230 1283 2303 magnitudine
1356 2230 1556 2299 animi,
1616 2230 1939 2303 gravitate,
2003 2249 2133 2287 con-

371 2308 638 2367 stantia?
700 2310 867 2381 Quae
899 2326 1106 2365 omnes
1137 2310 1299 2366 docti
1324 2314 1505 2382 atque
1536 2310 1844 2384 sapientes
1869 2327 2126 2378 summa,

374 2391 623 2464 quidam
658 2390 838 2445 etiam
886 2390 1016 2446 sola
1058 2390 1217 2459 bona
1256 2406 1389 2445 esse
1422 2389 1722 2457 dixerunt,
1755 2389 1969 2464 hisque
2013 2406 2131 2446 non

371 2470 549 2526 modo
597 2469 673 2525 ad
720 2468 885 2538 bene,
919 2470 1024 2526 sed
1068 2469 1252 2525 etiam
1298 2468 1375 2525 ad
1420 2469 1592 2524 beate
1623 2469 1958 2525 vivendum
1997 2487 2129 2525 con-

371 2554 603 2606 tentam
651 2566 783 2605 esse
816 2549 1116 2605 virtutem.
1208 2548 1377 2605 Haec
1421 2548 1519 2605 ille
1564 2555 1854 2622 reputans
1901 2555 1964 2605 et
2004 2549 2131 2605 dies

267 2633 342 2688 30
373 2637 697 2703 noctesque
755 2628 1032 2702 cogitans
1092 2646 1212 2684 non
1263 2628 1452 2684 modo·
1490 2627 1598 2683 tibi
1646 2645 1770 2684 non
1820 2632 2133 2685 succenset

375 2712 568 2784 (esset
595 2708 756 2764 enim
786 2726 906 2763 non
937 2708 1128 2764 solum
1179 2708 1471 2781 ingratuS,
1503 2707 1609 2763 sed
1651 2708 1840 2763 etiam
1871 2711 2128 2784 amens),

371 2806 576 2844 verum
611 2805 849 2844 omnem
880 2787 1379 2861 tranquillitatem
1412 2793 1473 2843 et
1501 2787 1767 2862 quietem
1802 2787 2130 2844 senectutis

336 2910 341 2913 <
375 2875 682 2943 acceptam
713 2869 892 2924 refert
921 2867 1272 2923 clementiae
1303 2873 1459 2922 tuae.

458 2952 545 3004 14.
595 2950 732 3038 Quo
759 2947 1000 3021 quidem
1046 2947 1248 3003 animo
1280 2964 1414 3002 cum
1461 2951 1640 3002 antea
1668 2945 1803 3016 suit,
1836 2951 1968 3003 tum
2014 2964 2131 3003 non

268 3031 342 3087 35
376 3027 586 3084 dubito
637 3027 777 3100 quin
833 3027 954 3082 tuis
1010 3026 1243 3095 littfflis,
1289 3043 1542 3100 qualum
1599 3026 1945 3100 exemplum
1994 3026 2127 3100 legi,

376 3124 529 3179 quas
573 3107 650 3160 ad
692 3123 827 3160 611111
875 3106 1212 3162 Γ1611600116
1257 3106 1395 3162 huic
1440 3105 1744 3162 Blesamio
1791 3106 2032 3176 dedisti,
2069 3123 2130 3161 se

375 3185 571 3256 magis
613 3185 797 3238 etiam
840 3186 1094 3240 erexerit
1137 3186 1213 3240 ab
1257 3185 1536 3259 omnique
1583 3185 1993 3243 sollicitudine
2039 3185 2133 3241 ab·

377 3262 694 3332 straxerit3
745 3263 924 3332 jubes
979 3262 1137 3318 enim
1190 3282 1326 3320 eum
1378 3265 1528 3321 bene
1578 3281 1823 3338 sperare
1866 3272 1931 3323 et
1978 3265 2130 3323 bono

377 3354 510 3393 esse
543 3339 758 3407 animo,
791 3340 950 3411 quod
979 3341 1103 3397 scio
1133 3349 1193 3398 te
1226 3360 1346 3399 non
1375 3344 1600 3433 frustra
1630 3346 1892 3403 scribere
1926 3346 2128 3403 solere.
