2284 3717
247 155 379 220 210
760 168 839 217 ι.
884 167 1143 216 'runnu
1196 168 1600 216 crcaaoms

353 325 569 384 deinde
609 342 673 383 se
708 325 997 383 ducturos
1037 329 1099 382 et
1140 324 1400 382 dicendo
1438 330 1500 382 et
1540 326 1898 384 excusando
1934 327 2106 385 facile

353 407 431 464 ad
486 405 662 463 ludos
706 405 1049 474 Victoriae3
1105 422 1243 462 cum
1301 405 1396 462 his
1453 405 1723 478 plebeios
1779 424 1917 463 esse
1974 425 2107 464 con-

356 488 623 561 junctos,
656 486 986 543 secundum
1016 501 1170 559 quos
1200 490 1308 541 aut
1335 485 1482 540 nulli
1514 490 1619 542 aut
1648 486 1936 560 perpauci
1979 487 2108 543 dies

355 566 433 623 ad
464 566 767 641 agendum
796 564 982 621 futuri
1014 569 1190 620 sunt:
1234 564 1322 620 ita
1356 564 1597 621 defessa
1640 583 1709 622 ac
1752 566 2108 640 refrigerata

287 648 326 705 ὅ
356 646 743 703 accusatione
788 662 917 701 rem
962 644 1267 717 integram
1314 643 1392 701 ad
1437 643 1524 701 M.
1569 644 1893 701 Metellum
1944 663 2107 718 prae·

352 732 545 782 torem
585 741 719 782 esse
751 729 1107 781 venturam:
1151 740 1331 797 quem
1372 741 1486 797 ego
1532 723 1861 793 hominem,
1896 725 1950 781 si
1981 727 2109 798 ejus

352 803 490 862 fidei
528 804 757 861 diffisus
799 820 1013 872 essem,
1033 802 1300 876 judicem
1333 820 1453 859 non
1483 803 1907 876 retinuissem3
1954 821 2109 860 nuuc

351 890 556 941 tamen
586 883 698 941 hoc
728 883 929 940 animo
959 899 1115 950 sum,
1147 888 1215 938 ut
1256 899 1326 938 eo
1360 882 1567 955 judice
1603 901 1788 957 quam
1826 889 2105 956 praetore

353 963 511 1021 hanc
540 980 665 1020 rem
695 962 954 1037 transigi
984 961 1191 1017 malim
1232 966 1295 1017 et
1326 962 1536 1033 jurato
1574 980 1750 1019 suam
1792 980 1982 1037 quam
2022 964 2105 1019 in-

251 1047 322 1105 10
356 1045 561 1117 jurato
593 1043 848 1100 aliorum
877 1041 1133 1098 tabellas
1164 1041 1555 1100 committere.

437 1125 526 1180 11.
560 1122 739 1180 Nunc
767 1139 901 1196 ego,
923 1121 1177 1194 judiceS,
1200 1120 1328 1192 jam
1359 1138 1472 1177 vos
1498 1121 1747 1178 consulo
1778 1121 1928 1197 quid
1961 1121 2108 1178 mihi

353 1202 696 1260 faciendum
741 1201 1005 1277 putetis;
1045 1200 1108 1256 id
1152 1199 1313 1255 enim
1360 1200 1596 1257 consilii
1642 1200 1791 1257 mihi
1839 1202 2110 1275 profecto

355 1283 526 1340 taciti
555 1282 797 1351 dabitis,
830 1281 993 1356 quod
1026 1285 1271 1353 egomet
1310 1280 1461 1336 mihi
1503 1280 1854 1338 necessario
1880 1283 2110 1355 capien·
2199 1330 2210 1339 ,
2249 1342 2250 1371 ἱ

353 1363 497 1419 dum
544 1362 848 1436 intelligo:
894 1360 942 1417 si
989 1365 1125 1416 utar
1171 1359 1247 1415 ad
1288 1359 1609 1416 dicendum
1655 1377 1790 1416 meo
1836 1359 2111 1434 legitimo

252 1445 323 1501 15
352 1448 639 1517 tempore,
710 1440 832 1498 mei
906 1439 1151 1508 laboris,
1225 1439 1557 1496 industriae
1631 1439 2110 1515 diligentiaeque

353 1523 587 1596 capiam
616 1521 878 1578 fructum
908 1525 970 1577 et
998 1536 1073 1576 ex
1103 1520 1489 1576 accusatione
1510 1519 1816 1595 perficiam
1843 1527 1915 1576 ut
1937 1537 2113 1576 nemo

353 1619 638 1676 umquam
684 1606 826 1675 post
870 1599 1184 1656 hominum
1240 1599 1592 1656 memoriam
1636 1599 1931 1673 paratior,
1965 1599 2112 1673 vigi-

353 1681 594 1750 lantior,
642 1679 1035 1755 compositior
1073 1677 1150 1734 ad
1183 1678 1481 1749 judicium
1514 1679 1753 1735 venisse
1784 1679 2101 1750 videatur3

356 1760 463 1817 sed
505 1760 570 1816 in
611 1760 723 1817 hac
763 1759 943 1816 laude
984 1756 1324 1814 industriae
1355 1776 1523 1815 meae
1551 1775 1691 1814 reus
1723 1775 1801 1814 ne
1830 1758 2113 1816 elabatur

248 1844 323 1901 20
355 1857 661 1911 summm
688 1839 1021 1915 periculum
1052 1842 1162 1893 est.
1252 1837 1417 1909 Quid
1448 1844 1543 1895 est
1570 1837 1761 1912 igitur
1788 1839 1956 1912 quod
1989 1837 2113 1894 fieri

352 1917 591 1996 possit?
677 1919 820 1976 Non
876 1920 1217 1986 obscurum,
1267 1917 1496 1991 opinor,
1541 1934 1734 1991 neque
1793 1916 2116 1975 abscondi-

356 2006 520 2058 tum:
552 1999 814 2057 fructum
839 1999 1026 2056 istum
1050 1994 1267 2066 laudis,
1292 1998 1395 2072 qui
1417 2015 1491 2054 ex
1513 2002 1806 2071 perpetua
1835 1998 2112 2054 oratione

355 2079 583 2153 percipi
628 2079 845 2153 potuit,
892 2079 954 2136 in
1001 2076 1123 2134 alia
1169 2081 1445 2151 tempora
1490 2093 1908 2135 reservemus:
1954 2093 2114 2135 nunc

355 2158 663 2216 hominem
704 2158 948 2227 tabulis,
980 2154 1261 2225 testibus,
1294 2156 1551 2231 privatis
1590 2155 1975 2231 publicisque
2017 2157 2113 2212 lit-

250 2241 325 2301 25
355 2239 504 2296 teris
533 2238 1109 2311 auctoritatibusque
1134 2251 1500 2293 accusemus.
1588 2235 1718 2292 Res
1734 2237 1936 2292 omnis
1959 2235 2113 2294 mihi

355 2323 561 2375 tecum
600 2318 733 2389 erit,
769 2318 1100 2386 Hortensi3
1148 2316 1345 2373 dicam
1386 2320 1624 2389 aperte:
1670 2314 1724 2370 si
1767 2319 1827 2371 te
1872 2333 2113 2373 mecum

357 2398 612 2455 dicendo
643 2416 711 2455 ac
740 2397 1043 2456 diluendis
1084 2395 1442 2456 criminibus
1484 2394 1548 2450 in
1590 2394 1702 2451 hac
1744 2411 1936 2451 causa
1978 2412 2116 2452 con-

355 2478 602 2535 tendere
631 2482 925 2551 putarem,
957 2494 1071 2550 ego
1101 2492 1340 2552 quoque
1370 2475 1434 2530 in
1464 2474 1803 2531 accusando
1835 2480 2022 2548 atque
2050 2473 2114 2529 in

357 2557 726 2632 explicandis
768 2556 1124 2614 criminibus
1165 2572 1409 2628 operam
1451 2569 1904 2625 consumerem;
1947 2570 2113 2610 nunc

252 2642 327 2698 30
359 2637 644 2712 quoniam
694 2653 971 2710 pugnare
1027 2642 1238 2693 contra
1292 2651 1386 2689 me
1443 2632 1780 2702 instituisti,
1821 2650 1945 2688 non
1986 2639 2110 2688 tam

357 2733 433 2773 ex
489 2721 598 2773 tua
654 2722 876 2772 natura
930 2732 1112 2790 quam
1160 2731 1235 2771 ex
1285 2713 1463 2769 istius
1507 2718 1776 2786 tempore
1819 2721 1884 2768 et
1926 2728 2111 2769 causa

362 2793 751 2872 [malitiose],
797 2812 1040 2851 necesse
1084 2802 1180 2851 est
1220 2793 1398 2850 istius
1441 2791 1604 2848 modi
1638 2791 1860 2848 rationi
1905 2791 2112 2866 aliquo

359 2873 614 2932 consilio
637 2874 948 2931 obsistere.
1035 2874 1169 2929 Tua
1190 2872 1342 2929 ratio
1367 2876 1462 2928 est
1486 2876 1554 2927 ut
1576 2870 1911 2927 secundum
1934 2870 2112 2926 binos

359 2954 537 3011 ludos
565 2954 716 3010 mihi
746 2953 1107 3027 respondere
1138 2952 1407 3025 incipias,
1442 2966 1578 3006 mea
1605 2955 1673 3006 ut
1703 2958 1845 3006 ante
1875 2951 2109 3024 primos

251 3033 328 3093 35
356 3032 533 3090 ludos
587 3033 1150 3105 comperendinem;
1196 3032 1286 3087 ita
1342 3029 1444 3086 fiet
1497 3034 1566 3085 ut
1622 3034 1730 3086 tua
1779 3029 1904 3085 ista
1951 3029 2111 3085 ratio

358 3112 736 3167 existimetur
792 3116 1014 3179 astuta,
1072 3128 1276 3166 meum
1348 3108 1464 3165 hoc
1530 3108 1848 3165 consilium
1906 3124 2108 3166 neces-

360 3202 605 3243 sarium.

440 3264 530 3317 12.
577 3262 806 3317 Verum
852 3261 1016 3331 illud,
1058 3265 1220 3336 quod
1265 3265 1649 3321 institueram
1694 3265 1913 3336 dicere,
1958 3264 2108 3322 mihi

358 3351 486 3388 rem
536 3342 732 3391 tecum
778 3353 927 3407 esse,
974 3338 1158 3411 hujus
1199 3343 1365 3398 modi
1413 3347 1542 3399 est:
1602 3360 1719 3417 ego
1763 3361 1905 3401 cum
1953 3344 2112 3402 hanc
