2284 3717
249 142 333 207 36
448 223 454 228 ι
765 159 839 206 Μ.
885 159 1143 206 TULLII
1195 158 1592 206 CICERONIS

356 316 606 373 modum
625 317 754 390 jam
783 320 981 386 antea,
1014 320 1219 372 vestra
1247 320 1410 373 tecta
1437 315 1731 372 custodiis
1762 315 2109 392 vigiliisque

358 396 695 469 defendite3
738 395 905 464 mihi,
939 401 1006 451 ut
1051 396 1183 451 urbi
1229 396 1359 451 sine
1403 402 1605 452 vestro
1652 400 1822 452 motu
1866 414 1940 454 ac
1983 398 2109 454 sine

352 476 476 532 ullo
506 476 771 532 tumultu
815 475 966 532 satis
1008 480 1173 531 esset
1206 475 1506 549 praesidii,
1539 476 1884 536 consultum
1930 488 2109 550 atque

349 556 661 628 provisum
704 561 843 612 est..
901 553 1114 611 Coloni
1161 571 1372 611 omnes
1414 555 1865 629 municipesque
1904 556 2107 624 vestri,

285 635 320 691 5
351 635 634 691 certiores
691 652 726 690 a
767 652 862 691 me
913 634 1057 690 facti
1100 634 1174 690 de
1233 633 1345 690 hac
1402 639 1696 691 nocturna
1754 635 2109 691 excursione

353 712 669 784 Catilinae,
695 714 867 770 facile
898 714 1076 769 urbes
1107 730 1250 769 suas
1282 712 1545 788 finesque
1576 714 1938 786 defendent3
1983 714 2110 787 gla-

348 793 630 863 diatoreS,
657 811 837 868 quam
870 793 981 849 sibi
1015 792 1112 849 ille
1144 810 1388 849 manum
1423 794 1823 850 certissimam
1848 794 1975 849 fore
2006 811 2110 867 pu-

347 873 521 942 tavit,
570 890 940 948 quamquam
997 873 1198 929 animo
1243 872 1489 929 meliore
1539 879 1681 929 sunt
1725 890 1909 947 quam
1965 890 2108 947 pars

347 953 754 1025 patriciorum,
785 957 1088 1027 potestate
1119 960 1322 1008 tamen
1364 958 1573 1009 nostra
1601 952 2107 1025 continebuntur;

249 1031 318 1088 10
353 1031 421 1103 Q.
472 1030 777 1101 Metellae,
824 1049 1001 1106 quem
1045 1049 1161 1106 ego
1209 1031 1321 1088 hoc
1363 1032 1735 1107 prospiciens
1785 1032 1846 1087 in
1893 1049 2108 1105 agrum

351 1110 653 1168 Gallicum
703 1111 1109 1185 Picenumque
1162 1111 1460 1186 praemisi,
1508 1117 1614 1168 aut
1660 1112 1963 1185 opprimet
2010 1110 2110 1168 ho-

348 1190 569 1247 minem
597 1197 704 1248 aut
725 1208 929 1248 omnes
952 1192 1081 1263 ejus
1103 1195 1306 1246 motus
1330 1197 1698 1266 conatusque
1721 1190 2068 1265 prohibebit
2092 1211 2108 1264 ;

345 1270 594 1345 reliquis
638 1275 839 1327 autem
874 1270 947 1326 de
990 1270 1171 1326 rebus
1214 1270 1674 1337 constituendis
1706 1270 2107 1339 maturandiS,

347 1350 601 1423 'agendis
647 1351 778 1423 jam
828 1350 905 1406 ad
961 1355 1242 1406 senatum
1287 1349 1631 1420 referemus,
1676 1367 1854 1424 quem
1903 1350 2108 1407 vocari

244 1430 314 1486 15
346 1430 581 1487 videtis.

425 1508 604 1566 Nunc
647 1508 802 1578 illos,
834 1508 938 1583 qui
982 1507 1043 1563 in
1085 1508 1231 1564 urbe
1260 1514 1680 1566 remanserunt
1723 1512 1905 1583 atque
1952 1509 2110 1567 adeo

347 1588 450 1662 qui
500 1597 709 1645 contra
757 1588 925 1645 urbis
967 1587 1226 1644 salutem
1278 1588 1665 1662 omniumque
1711 1594 1983 1645 vestrum
2042 1588 2110 1646 in

344 1668 490 1724 urbe
522 1686 557 1724 a
590 1667 857 1726 Catilina
884 1666 1075 1723 relicti
1106 1672 1266 1737 sunt,
1299 1685 1664 1759 quamquam
1697 1673 1842 1724 sunt
1872 1667 2106 1738 hostes,

347 1752 569 1818 tamen,
601 1748 742 1823 quia
785 1752 926 1803 sunt
957 1745 1135 1815 civeS,
1168 1712 1431 1803 monitos
1468 1748 1652 1803 etiam
1696 1752 1876 1821 atque
1920 1747 2111 1805 etiam

238 1828 309 1884 ΞΟ
342 1825 515 1883 volo:
561 1845 696 1884 mea
725 1826 942 1882 lenitas
973 1825 1024 1882 si
1056 1826 1147 1882 cui
1183 1825 1380 1883 adhuc
1411 1808 1666 1884 solutior
1690 1827 1824 1883 visa
1850 1832 1959 1895 est,
1990 1827 2112 1884 hoe

344 1907 736 1981 exspectavit,
770 1911 839 1962 ut
881 1905 960 1974 id,
992 1905 1154 1979 quod
1196 1906 1441 1974 latebat,
1481 1911 1835 1981 erumperet.
1924 1906 2110 1978 Quod

342 1986 638 2060 reliquum
669 1991 777 2055 est,
799 1986 928 2059 jam
972 2002 1091 2041 non
1121 2002 1369 2059 possum
1402 1985 1680 2041 oblivisci
1713 2003 1911 2042 meam
1942 1985 2110 2044 hanc

341 2082 473 2122 esse
517 2066 791 2141 patriam,
837 2083 931 2121 me
991 2064 1207 2120 horum
1254 2083 1386 2121 esse
1430 2065 1755 2135 consulem,
1800 2064 1951 2121 mihi
1996 2071 2112 2125 aut·

343 2162 478 2200 cum
537 2146 630 2201 his
675 2145 1001 2201 vivendum
1060 2148 1169 2210 aut
1216 2162 1322 2218 pro
1374 2144 1470 2201 his
1516 2162 1649 2201 esse
1699 2143 2106 2204 moriendum.

238 2224 311 2280 25
345 2223 569 2281 Nullus
612 2228 706 2280 est
746 2224 942 2296 portis
985 2228 1207 2291 custos,
1240 2223 1442 2279 nullus
1486 2224 1802 2281 insidiator
1831 2224 2004 2280 viae:
2050 2226 2112 2283 si

342 2303 443 2377 qui
472 2305 632 2360 exire
663 2304 891 2371 volunt,
925 2301 1246 2359 connivere
1278 2320 1563 2376 possum3
1609 2304 1710 2377 qui
1754 2320 1894 2360 vero
1939 2320 2006 2359 se
2039 2305 2113 2362 in

340 2383 485 2440 urbe
529 2382 938 2451 commoverit,
971 2383 1139 2455 cujus
1182 2400 1296 2455 ego
1340 2400 1459 2439 non
1499 2384 1678 2439 modo
1713 2383 1957 2451 factum,
1994 2385 2112 2443 sed

340 2461 646 2537 inceptum
689 2462 880 2518 ullum
923 2466 1284 2518 conatumve
1328 2467 1536 2518 contra
1585 2463 1847 2536 patriam
1890 2462 2112 2537 depre-

344 2540 621 2612 hendero,
645 2542 867 2597 sentiet
891 2541 950 2596 in
984 2540 1094 2597 hac
1125 2541 1269 2597 urbe
1292 2559 1424 2597 esse
1448 2541 1724 2598 consules
1749 2542 1804 2596 vi
1813 2541 2108 2614 gilanteS,

236 2623 310 2679 30
340 2639 472 2678 esse
499 2622 777 2695 egregios
805 2620 1221 2694 magistratus
1243 2638 1375 2677 esse
1399 2621 1613 2678 fortem
1643 2627 1940 2689 senatum,
1962 2640 2112 2681 esse

342 2719 525 2769 arma,
557 2719 689 2757 esse
733 2717 1044 2769 carcerem,
1077 2717 1255 2774 quem
1286 2701 1586 2757 vindicem
1629 2700 1995 2757 nefariorum
2035 2721 2113 2760 ac

339 2781 800 2837 manifestorum
849 2779 1138 2836 scelerum
1190 2780 1445 2853 majores
1486 2780 1679 2836 nostri
1721 2797 1853 2837 esse
1897 2781 2115 2838 volue-

338 2867 492 2917 runt
1507 2918 1516 2926 ,
1608 2895 1612 2903 ‚

421 2942 510 2995 13.
557 2938 760 3013 Atque
805 2937 951 2993 haec
995 2936 1198 2992 omnia
1242 2937 1329 2994 sic
1372 2942 1643 3011 agentur,
1693 2937 1984 3010 QuiriteS,
2032 2946 2114 2999 ut

234 3021 307 3076 35
340 3018 639 3074 maximae
685 3034 779 3072 res
825 3016 1072 3072 minimo
1121 3021 1305 3084 motu,
1339 3018 1603 3091 pericula
1645 3035 1883 3074 summa
1928 3020 2112 3077 nullo

338 3096 623 3164 tumultu,
680 3094 902 3150 bellum
959 3095 1314 3151 intestinum
1373 3114 1442 3152 ac
1498 3096 1895 3153 domesticum
1955 3106 2113 3172 post

339 3175 649 3232 hominum
683 3173 1029 3229 memoriam
1052 3174 1534 3231 crudelissimum
1557 3183 1618 3232 et
1641 3176 1976 3232 maximum
2004 3196 2112 3236 nie

339 3271 458 3309 uno
489 3258 698 3324 togato
729 3251 877 3307 duce
920 3259 982 3308 et
1012 3252 1368 3324 impeiatore
1413 3257 1668 3312 sedetur.
1757 3256 1935 3328 Quod
1981 3276 2114 3331 ego

340 3332 427 3387 sic
457 3330 910 3398 administrabO,
945 3331 1231 3402 QuiritcS,
1266 3338 1347 3402 ut,
1382 3335 1430 3390 si
1480 3336 1597 3391 ullo
1629 3335 1810 3391 modo
1841 3334 1965 3391 fieri
1998 3354 2116 3412 po·
