2284 3717
274 108 401 177 176
793 127 868 174 u.
900 126 1160 174 'runnu
1210 125 1609 173 mcnsoms

377 283 658 353 reditum,
690 287 760 340 ut
787 282 936 340 mihi
966 283 1115 340 nulli
1147 301 1337 358 neque
1366 283 1516 340 remi
1544 301 1741 358 neque
1771 284 1951 341 venti
1993 286 2140 342 satis

372 364 652 433 facerent,
703 380 823 419 non
876 380 994 438 quo
1037 381 1132 420 me
1177 364 1253 420 ad
1295 369 1536 438 tempus
1580 380 1977 421 occursurum
2023 382 2139 421 non

379 449 674 517 putarem,
709 443 816 499 sed
846 460 919 499 ne
948 443 1183 500 tardius
1213 461 1393 518 quam
1425 460 1701 517 cuperem
1737 444 1829 500 rei
1858 444 2136 517 publicae

378 522 731 597 gratularer.
820 523 1025 597 Atque
1075 540 1192 597 ego
1241 523 1510 580 celeriter
1553 521 1795 579 Veliam
1847 524 2137 580 devectus

273 605 309 662 5
380 602 639 658 Brutum
672 601 832 658 vidi:
878 607 1105 676 quanto
1149 620 1282 659 meo
1334 602 1535 659 dolore
1582 618 1705 658 non
1747 601 1919 659 dico:
1964 608 2136 676 turpe

378 680 527 737 mihi
554 681 668 755 ipsi
690 680 1010 737 videbatur
1029 682 1090 738 in
1113 699 1248 738 eam
1279 682 1489 737 urbem
1519 699 1613 737 me
1644 681 1868 738 audere
1897 683 2134 751 reverti,

379 777 455 816 ex
484 778 604 834 qua
633 759 861 818 Brutus
890 761 1144 831 cederet,
1177 768 1239 817 et
1267 761 1349 816 ibi
1379 760 1532 817 velle
1561 766 1696 818 tuto
1724 778 1881 828 esse,
1905 761 2012 817 ubi
2041 762 2135 817 ille

380 856 498 896 non
531 846 749 913 posset.
836 839 1048 915 Neque
1084 857 1223 897 vero
1251 841 1424 896 illum
1454 840 1735 897 similiter
1778 847 1965 915 atque
2009 842 2135 915 ipse

378 937 544 976 eram
574 925 938 976 commotum
969 937 1102 977 esse
1134 920 1293 977 vidi:
1330 926 1566 977 erectus
1594 921 1755 976 enim
1785 921 2042 976 maximi
2070 937 2135 977 ac

278 999 351 1059 10
380 998 764 1073 pulcherrimi
796 999 942 1055 facti
970 1000 1064 1055 sui
1099 999 1467 1056 conscientia
1500 988 1652 1056 nihil
1694 999 1769 1056 de
1814 1016 1930 1055 suo
1975 1017 2130 1069 casn,

382 1078 575 1135 multa
630 1079 703 1135 de
750 1086 953 1136 vestro
1011 1080 1391 1154 querebatur.
1478 1078 1689 1153 Exque
1744 1096 1818 1135 eo
1879 1079 2133 1153 primum

380 1157 638 1232 cognovi
667 1175 818 1232 quae
849 1158 1148 1216 Kalendis
1186 1158 1517 1216 Sextilibus
1553 1159 1615 1214 in
1656 1163 1877 1214 senatu
1920 1159 2134 1214 fuisset

383 1236 452 1293 L.
506 1237 748 1294 Pisonis
789 1238 1018 1296 oratio:
1067 1239 1169 1313 qui
1208 1255 1575 1312 quamquam
1615 1254 1829 1311 parum
1871 1244 2006 1295 erat
2044 1238 2133 1313 (id

382 1316 540 1372 enim
581 1316 778 1391 ipsum
821 1335 856 1373 a
894 1317 1084 1374 Bruto
1121 1318 1478 1393 audieram),
1511 1335 1548 1374 a
1586 1317 1804 1391 quibus
1844 1317 2135 1374 debuerat

280 1400 350 1456 15
383 1396 640 1467 adjutus»,
663 1402 868 1453 tamen
890 1403 952 1453 et
971 1396 1146 1454 Bruti
1170 1396 1514 1453 testimonio
1532 1426 1614 1435 —
1631 1413 1749 1470 quo
1770 1397 1919 1471 quid
1940 1403 2137 1471 potest

380 1492 512 1532 esse
544 1476 794 1549 gravius
814 1474 1011 1533 ?—et
1034 1477 1308 1533 omnium
1338 1475 1799 1550 praedicatione,
1825 1494 1983 1550 quos
2012 1493 2138 1552 pos-

384 1561 481 1612 tea
499 1555 642 1625 vidi,
659 1573 945 1630 magnam
972 1555 1123 1612 mihi
1142 1556 1464 1613 videbatur
1481 1550 1735 1630 gloriam
1758 1564 2134 1617 consecutus,

384 1634 566 1691 Hunc
594 1634 781 1709 igitur
810 1640 878 1692 ut
905 1652 1187 1711 sequerer
1215 1634 1552 1710 properavi,
1575 1652 1753 1709 quem
1784 1647 2134 1709 praesentes

384 1730 502 1770 nou
531 1722 675 1771 suut
705 1715 913 1785 secuti,
939 1732 1060 1771 non
1090 1721 1162 1771 ut
1187 1714 1529 1790 proficerem
1553 1713 1782 1789 aliquid
1816 1719 1960 1789 (nec
1981 1716 2134 1771 enim

279 1798 354 1854 20
385 1794 703 1867 sperabam
732 1795 793 1851 id
825 1812 933 1851 nec
962 1800 1269 1868 praestare
1303 1797 1621 1869 poteram),
1653 1793 1760 1850 sed
1791 1800 1878 1863 ut,
1912 1795 1964 1851 si
1996 1794 2135 1870 quid

384 1873 536 1930 mihi
582 1873 936 1930 humanitus
981 1873 1599 1931 accidisset—multa
1656 1878 1863 1930 autem
1917 1874 2139 1948 impen-

384 1952 522 2009 dere
554 1953 835 2010 videntur
862 1960 1099 2028 praeter
1127 1961 1405 2009 naturam
1446 1953 1634 2009 etiam
1676 1957 2037 2028 praeterque
2064 1953 2139 2008 fa-

383 2037 513 2088 tum
534 2069 627 2103 —‚
652 2032 828 2107 hujus
870 2040 1076 2090 tamen
1107 2033 1225 2089 diei
1261 2050 1464 2089 vocem
1494 2038 1711 2088 testem
1743 2032 1830 2087 rei
1860 2033 2137 2106 publicae

385 2112 783 2186 relinquerem
814 2130 981 2168 meae
1010 2123 1333 2188 perpetuae
1363 2129 1510 2186 erga
1540 2128 1604 2168 se
1635 2111 1994 2169 voluntatis,

280 2196 355 2252 25
469 2192 771 2263 Quoniam
815 2192 1126 2268 utriusque
1172 2191 1407 2249 consilii
1449 2207 1714 2259 causam,
1756 2197 1970 2264 patres
2012 2208 2139 2249 con·

387 2271 615 2345 scripti,
646 2272 959 2345 probatam
992 2272 1165 2329 vobis
1200 2289 1332 2328 esse
1362 2270 1611 2339 confid0‚
1642 2269 1808 2344 prius
1852 2288 2039 2345 quam
2068 2270 2136 2326 de

384 2368 450 2407 re
479 2351 722 2424 publica
765 2352 960 2408 dicere
1004 2351 1244 2426 incipio,
1277 2368 1472 2425 pauca
1507 2367 1724 2425 querar
1752 2349 1828 2406 de
1859 2350 2138 2407 hesterna
2241 2380 2242 2431 ]

387 2431 640 2486 Antonii
699 2431 946 2504 injuria:
1005 2432 1101 2488 cui
1158 2448 1294 2487 sum
1348 2429 1593 2498 amicuS,
1640 2428 1819 2504 idque
1862 2447 1961 2487 me
2005 2446 2138 2486 non·
2241 2442 2242 2449 ’

387 2510 554 2566 nullo
583 2511 712 2583 ejus
742 2510 928 2567 officio
957 2510 1172 2567 debere
1201 2527 1333 2566 esse
1364 2526 1506 2582 prae
1536 2526 1630 2564 me
1661 2525 1901 2582 semper
1929 2509 2058 2566 tuli.

283 2594 360 2650 30
466 2593 519 2647 5.
569 2590 729 2662 Quid
760 2591 1002 2647 tandem
1034 2596 1166 2647 erat
1193 2606 1409 2646 causae
1444 2605 1549 2645 cur
1584 2589 1646 2643 in
1688 2594 1973 2645 senatum
2017 2588 2138 2645 hes·
2239 2654 2240 2661 ἵ

391 2673 558 2724 terno
602 2670 699 2726 die
743 2676 865 2726 tam
919 2670 1127 2726 acerbe
1172 2666 1458 2741 cogerer?
1542 2666 1799 2723 Solusne
1851 2664 2134 2725 aberam?

391 2750 490 2804 An
525 2766 643 2804 non
674 2766 854 2823 saepe
886 2749 1086 2805 minus
1116 2749 1457 2822 frequentes
1489 2744 1738 2803 fuistis?
1812 2747 1917 2803 An
1946 2766 2019 2804 ea
2047 2762 2135 2802 res

390 2827 701 2899 agebatur,
761 2838 831 2885 ut
896 2828 1084 2884 etiam
1148 2833 1428 2901 aegrotos
1496 2826 1713 2883 deferri
1793 2822 2134 2900 oporteret?
2237 2860 2238 2865 κ

393 2905 724 2976 Hannibal,
756 2907 947 2977 crede,
972 2912 1105 2963 erat
1137 2906 1211 2963 ad
1244 2913 1450 2980 portas
1481 2911 1587 2961 aut
1617 2906 1690 2961 de
1723 2905 1953 2979 Pyrrhi
1997 2922 2135 2980 pace

282 2988 358 3043 35
389 2985 700 3058 agebatur,
732 2987 810 3043 ad
839 3004 1017 3060 quam
1051 3003 1297 3042 causam
1339 2986 1521 3041 etiam
1555 2984 1830 3058 Appium
1870 2985 2040 3041 illum
2080 2989 2136 3040 et
2235 3036 2236 3043 ,

390 3081 631 3119 caecum
663 3071 724 3119 et
754 3082 953 3120 senem
988 3066 1258 3120 delatum
1288 3082 1421 3120 esse
1464 3064 1789 3120 memoriae
1833 3065 2135 3138 proditum
2235 3084 2236 3127 l

389 3146 519 3193 est:
563 3142 636 3194 de
667 3142 1205 3213 supplicationibus
1243 3141 1625 3210 referebatur,
1656 3161 1775 3217 quo
1818 3144 1881 3199 in
1927 3159 2134 3218 genere

389 3222 703 3269 senatores
751 3218 958 3272 deesse
1007 3235 1127 3273 non
1173 3221 1404 3277 solent:
1465 3228 1765 3294 coguntur
1807 3224 1973 3278 enim
2023 3238 2135 3277 non
2233 3238 2234 3251 ¹

390 3291 764 3360 pignoribus,
810 3295 916 3348 sed
957 3312 1185 3365 eorum,
1229 3298 1303 3353 de
1346 3316 1601 3372 quorum
1650 3298 1876 3357 honore
1922 3302 2135 3377 agitur,
