2284 3717
250 165 338 214 m
390 166 466 213 u.
497 164 906 212 nvi-ommi
957 164 1236 212 onum
1285 163 1732 213 PHILIPPICA
1767 164 1817 214 1.
1885 150 2010 214 185

146 340 329 397 quam
358 322 430 380 L.
456 321 692 386 Cinnae
720 322 1116 393 dominatum,
1141 340 1179 379 a
1204 339 1324 398 quo
1355 321 1457 379 ille
1486 321 1902 380 crudelissime

147 409 241 459 est
266 402 643 461 interfectus
733 401 851 459 Sed
892 402 1038 476 quid
1068 404 1341 459 oratione
1375 407 1437 459 te
1469 401 1751 460 flectam?
1837 401 1903 460 Si

145 482 308 538 enim
336 483 543 539 ex'itus
577 481 643 539 O.
675 480 955 539 Caesaris
984 481 1211 538 efficere
1239 500 1361 538 nou
1390 488 1594 557 potest
1622 490 1690 538 ut
1720 483 1899 539 malis

147 579 322 619 carus
371 579 506 618 esse
545 579 733 636 quam
774 562 981 630 metui,
1026 561 1178 618 nihil
1228 564 1580 637 cujusquam
1630 561 1900 637 proficiet

145 658 254 698 nec
285 641 515 698 valebit
552 640 785 698 oratio:
831 658 1010 716 quem
1040 642 1143 716 qui
1174 641 1416 698 beatum
1447 642 1636 698 fuisse
1665 647 1899 717 putant,
1968 643 2006 700 5

145 721 348 777 miseri
378 720 499 796 ipsi
529 726 708 777 sunt:
754 720 962 776 beatus
992 729 1088 778 est
1116 738 1310 790 neme,
1333 721 1434 797 qui
1464 739 1538 778 ea
1567 721 1699 794 lege
1724 722 1896 790 vivit,

144 806 212 857 ut
236 817 359 857 non
381 801 564 857 modo
590 800 852 873 impune,
875 801 981 857 sed
1004 801 1189 857 etiam
1214 818 1346 857 cum
1371 819 1609 858 summa
1631 802 1903 858 iuterfec-

141 880 293 937 toris
323 879 522 954 gloria
545 879 799 936 interfici
824 881 1035 953 possit.
1125 881 1326 952 Quare
1357 880 1525 938 flecte
1549 887 1627 951 te,
1653 897 1898 955 quaese,

143 965 203 1016 et
230 963 494 1034 majores
523 964 665 1015 tuos
693 960 923 1035 respice
960 967 1143 1034 atque
1186 960 1273 1016 ita
1313 960 1587 1035 guberna
1626 977 1752 1017 rem
1795 977 1901 1034 pu·

142 1038 385 1109 blicam,
420 1045 490 1097 ut
518 1044 730 1096 natum
758 1056 893 1096 esse
931 1045 992 1096 te
1035 1039 1202 1096 cives
1244 1040 1336 1096 tui
1379 1040 1722 1114 gaudeant:
1768 1040 1898 1097 sine
1933 1040 2005 1097 10

142 1136 260 1193 quo
290 1136 404 1176 nec
431 1119 650 1175 beatus
680 1136 789 1176 nee
818 1119 1017 1176 clarus
1046 1136 1158 1176 nec
1186 1124 1359 1177 tutus
1400 1121 1722 1196 quisquam
1763 1137 1898 1177 esse

144 1199 396 1255 omnino
425 1203 648 1273 potest.

220 1279 316 1336 15.
367 1277 588 1353 Populi
619 1278 865 1352 quidem
907 1277 1177 1335 Romani
1209 1278 1444 1351 judicia
1485 1279 1678 1336 multa
1720 1279 1898 1336 ambo

143 1355 402 1427 habetiS,
450 1357 673 1431 quibus
721 1375 832 1414 vos
880 1375 1002 1414 non
1053 1357 1204 1413 satis
1254 1358 1484 1414 moveri
1533 1359 1895 1434 permoleste

143 1436 282 1495 fere.
403 1437 567 1509 Quid
640 1437 800 1493 enim
869 1437 1306 1512 gladiatoribus
1366 1438 1658 1495 clamores
1731 1439 1898 1495 innu-
1929 1439 2001 1498 15

144 1516 530 1573 merabilium
571 1514 833 1573 civium?
921 1516 1084 1589 Quid
1121 1517 1331 1591 populi
1373 1516 1633 1574 versus?
1732 1518 1895 1591 Quid

147 1593 424 1671 Pompeii
454 1601 699 1653 statuae
728 1597 979 1671 plausus
1008 1594 1223 1652 infiniti
1248 1593 1274 1652 Y
1340 1597 1500 1668 Quid
1532 1597 1767 1655 duobus
1796 1597 1898 1654 tri·

144 1673 321 1733 bunis
376 1675 591 1751 plebis,
650 1676 753 1751 qui
809 1675 982 1731 vobis
1039 1675 1486 1734 adversantur?
1594 1677 1895 1734 Parumne

147 1753 290 1812 haec
322 1754 673 1829 significant
700 1754 1133 1818 incredibiliter
1162 1756 1641 1814 consentientem
1684 1757 1892 1832 populi

150 1832 416 1892 Romani
462 1834 731 1892 universi
774 1833 1202 1892 voluntatem?
1288 1834 1495 1908 Quid?
1581 1836 1894 1911 Apollina—
1923 1839 1998 1895 20

149 1913 295 1971 rium
362 1914 648 1971 ludorum
701 1914 952 1989 plausus
1008 1914 1106 1970 vel
1168 1915 1517 1972 testimonia
1569 1916 1773 1991 potius
1830 1921 1891 1973 et

155 1994 378 2065 judicia
419 1992 628 2070 populi
670 1993 935 2052 Romani
979 2011 1193 2068 parum
1243 2012 1467 2069 magna
1507 1995 1682 2051 vobis
1724 1995 1891 2052 vide-

150 2071 409 2131 bantur?
512 2072 566 2130 O
624 2073 837 2130 beatos
892 2072 1046 2143 illos,
1101 2073 1223 2147 qui,
1282 2092 1417 2130 cum
1477 2075 1687 2132 adesse
1743 2074 1892 2148 ipsis

152 2159 389 2227 propter
415 2152 540 2208 vim
572 2169 868 2210 armorum
901 2170 1019 2208 non
1051 2152 1285 2222 licebat,
1312 2153 1567 2211 aderant
1595 2162 1798 2211 tamen
1828 2160 1891 2211 et

154 2230 207 2286 iu
235 2232 518 2289 medullis
540 2232 748 2307 populi
772 2233 1039 2289 Romani
1069 2251 1137 2289 ac
1170 2232 1498 2289 visceribus
1529 2232 1888 2291 haerebautl
1921 2235 1994 2292 25

156 2307 283 2367 Nisi
331 2312 486 2369 forte
538 2311 728 2369 Accio
775 2318 907 2369 tum
955 2312 1168 2386 plaudi
1218 2317 1280 2368 et
1328 2314 1707 2387 sexagesimo
1751 2319 1892 2389 post

157 2405 300 2448 anuo
329 2392 596 2466 palmam
640 2391 788 2461 dari,
821 2409 943 2447 non
985 2391 1180 2448 Bruto
1221 2392 1550 2466 putabatiS,
1584 2393 1685 2468 qui
1729 2394 1888 2451 ludis

148 2469 275 2526 suis
302 2471 389 2527 ita
418 2471 628 2539 caruit,
661 2476 731 2528 ut
772 2471 835 2527 in
878 2471 982 2527 illo
1027 2472 1498 2545 apparatissimo
1541 2473 1885 2546 spectaculo

158 2550 414 2606 studium
450 2550 713 2625 populus
757 2551 1076 2607 Romanus
1118 2551 1409 2607 tribueret
1452 2551 1704 2622 absenti,
1738 2553 1889 2610 desi-

157 2625 375 2685 derium
422 2628 764 2686 liberatoris
808 2630 902 2686 sui
944 2637 1233 2705 perpetuo
1281 2631 1499 2706 plausu
1527 2637 1589 2688 et
1631 2632 1885 2689 clamore
1915 2634 1994 2691 30

132 2703 371 2764 leniret.
457 2707 758 2784 Equidem
799 2709 852 2764 is
903 2726 1056 2779 sum,
1101 2711 1203 2783 qui
1245 2710 1396 2767 istos
1438 2710 1706 2785 plauSUS,
1752 2730 1888 2769 cum

159 2787 534 2859 popularibus
577 2789 810 2844 civibus
853 2789 1270 2858 tribuerentur,
1304 2807 1539 2864 semper
1579 2798 1880 2867 contemp-

161 2865 363 2939 serim3
392 2867 668 2941 idemque
699 2885 829 2924 cum
863 2886 898 2924 a
927 2869 1197 2938 summiS,
1219 2870 1451 2937 mediis,
1484 2870 1721 2938 infimis,
1749 2889 1884 2927 cum

161 2940 400 3019 denique
448 2947 526 3002 ab
574 2947 878 3003 universis
926 2947 1038 3004 hoc
1084 2948 1242 3004 idem
1289 2948 1355 3004 fit
1396 2966 1647 3023 cumque
1688 2952 1747 3020 ii,
1781 2951 1884 3024 qui

165 3029 291 3079 ante
320 3025 485 3100 sequi
515 3027 718 3101 populi
752 3044 1110 3084 consensum
1146 3028 1437 3098 solebant,
1471 3029 1731 3101 fugiunt,
1765 3046 1882 3085 non
1913 3027 1988 3085 35

164 3100 424 3172 plausum
453 3104 639 3174 illum,
667 3107 773 3164 sed
785 3107 1081 3180 judicium
1105 3116 1268 3182 pute.
1359 3107 1467 3164 Sin
1492 3108 1637 3165 haec
1659 3109 1885 3164 leviora

166 3181 324 3239 vobis
363 3184 663 3254 videntur,
710 3204 864 3261 quae
909 3192 1053 3243 sunt
1097 3187 1477 3260 gravissima,
1515 3205 1657 3243 num
1700 3187 1882 3243 etiam

167 3255 266 3317 hoc
296 3264 689 3334 contemnitis
722 3265 883 3339 quod
928 3266 1208 3322 sensistis
1250 3271 1374 3320 tam
1420 3283 1618 3320 caram
1658 3264 1880 3337 populo

169 3334 426 3399 Romano
456 3342 644 3400 vitam
675 3345 751 3402 A.
789 3344 977 3401 Hirtii
1022 3340 1253 3400 fuisse?
1343 3342 1507 3399 Satis
1548 3347 1680 3396 erat
1719 3339 1882 3394 enim
