2284 3717
516 211 668 259 Psso
719 210 914 258 REGE
966 208 1341 256 DEIOTARO
1392 207 1693 254 oaAr10.
1913 190 2038 253 155

163 374 336 445 pater
377 368 653 426 familias
702 373 763 425 et
804 366 1306 442 diligentissimus
1358 365 1622 439 agricola
1659 369 1721 421 et
1760 382 1936 438 pecu-

167 450 325 506 arius
378 448 731 506 haberetur.
835 448 951 519 Qui
1005 448 1193 520 igitur
1249 446 1615 512 adolescenS‚
1668 444 1933 500 nondum

165 534 338 585 tanta
369 530 573 603 gloria
602 527 928 602 praeditae,
961 527 1112 584 nihil
1157 544 1439 601 umquam
1474 526 1584 581 nisi
1631 525 1937 581 severissi-

167 626 258 664 me
287 620 351 665 et
382 609 754 682 gravissime
793 607 1016 675 fecerit,
1048 608 1101 663 is
1142 624 1216 663 ea
1254 606 1702 663 existimatione
1745 622 1932 679 eaque
2051 639 2090 670 s

169 695 368 745 aetate
401 685 704 744 saltavit?
2005 684 2041 742 5

248 771 336 826 10.
390 767 654 836 Imitari,
683 765 919 835 Castor,
944 766 1150 842 potius
1180 765 1280 822 avi
1309 782 1507 822 mores
1537 762 1933 837 disciplinam-

168 864 279 921 que
321 847 598 903 debebas
644 863 824 921 quam
868 847 1092 920 optimo
1134 851 1198 902 et
1239 845 1571 902 clarissimo
1616 844 1744 899 viro
1788 842 1941 915 fugi-

167 927 275 983 tivi
335 944 444 983 ore
501 926 658 982 male
709 926 920 982 dicere.
1009 926 1186 998 Quod
1244 926 1296 982 si
1355 925 1705 981 saltatorem
1758 939 1938 979 avum

170 1004 501 1062 habuisses
545 1023 737 1080 neque
780 1023 917 1062 eum
948 1006 1162 1074 virum,
1189 1004 1344 1061 unde
1383 1004 1631 1078 pudoris
1661 1003 1938 1077 pudiciti-

171 1104 370 1160 aeque
412 1086 691 1159 exempla
729 1092 1091 1159 peterentur,
1136 1090 1339 1140 tamen
1388 1084 1499 1140 hoc
1549 1083 1937 1139 maledictum
1972 1084 2044 1139 10

170 1166 429 1221 minime
474 1166 534 1220 in
578 1166 744 1220 illam
803 1171 1063 1220 aetatem
1107 1164 1469 1220 conveniret.
1558 1162 1795 1235 Quibus
1837 1162 1937 1219 ille

172 1245 406 1301 studiis
438 1245 514 1300 ab
543 1245 785 1301 ineunte
818 1249 1014 1300 aetate
1058 1260 1122 1299 se
1158 1243 1471 1311 imbuerat,
1505 1260 1624 1298 non
1654 1242 1938 1312 saltandi,

173 1326 280 1381 sed
343 1324 498 1380 bene
554 1331 623 1381 ut
672 1324 874 1392 armis,
921 1322 1144 1396 optime
1196 1329 1265 1378 ut
1312 1322 1483 1396 equis
1539 1328 1823 1390 uteretur,
1865 1339 1938 1377 ea

174 1408 390 1459 tamen
433 1403 604 1458 illum
647 1408 863 1459 cuncta
906 1403 1035 1476 jam
1082 1407 1297 1458 exacta
1340 1407 1535 1458 aetate
1580 1401 1936 1458 defecerant.

173 1482 402 1558 Itaque
452 1482 809 1539 Deiotarum
861 1499 994 1538 cum
1045 1481 1247 1555 plures
1291 1482 1354 1537 in
1396 1498 1618 1555 equum
1670 1480 1941 1537 sustulis-
1971 1481 2043 1535 15

177 1569 333 1632 sent,
372 1562 535 1636 quod
579 1561 823 1618 haerere
865 1561 925 1617 in
955 1578 1026 1617 eo
1056 1578 1239 1617 senex
1266 1567 1491 1634 posset,
1522 1561 1806 1617 admirari
1852 1577 1943 1615 so-

178 1641 496 1698 lebamus:
551 1641 645 1697 hic
687 1658 831 1697 vero
876 1640 1241 1708 adolescens,
1275 1640 1375 1714 qui
1422 1658 1592 1697 meus
1635 1641 1693 1696 in
1727 1639 1942 1697 Cilicia

179 1722 378 1789 mileS,
413 1721 477 1776 in
508 1720 764 1779 Graecia
793 1720 1120 1777 commilito
1154 1719 1285 1788 fuit,
1318 1738 1453 1776 cum
1495 1721 1556 1775 in
1601 1719 1702 1776 illo
1733 1725 1940 1775 nostro

181 1801 450 1858 exercitu
480 1800 778 1874 equitaret
807 1817 938 1857 cum
985 1799 1109 1855 suis
1150 1800 1397 1856 delectis
1438 1800 1758 1873 equitibus
1791 1815 1943 1872 quos

181 1899 307 1937 una
336 1897 474 1936 cum
503 1897 575 1936 eo
606 1880 681 1936 ad
728 1879 1082 1953 Pompeium
1127 1885 1300 1952 pater
1335 1880 1595 1946 miserat,
1628 1897 1779 1952 quos
1811 1895 1945 1934 con·
1973 1878 2048 1933 20

185 1977 398 2016 cursus
426 1959 623 2015 facere
668 1958 915 2027 solebat,
950 1976 1129 2031 quam
1163 1976 1226 2015 se
1260 1960 1504 2032 jactare,
1538 1975 1717 2032 quam
1749 1965 1945 2014 osten·

183 2048 331 2108 tare,
365 2056 549 2113 quam
580 2039 806 2094 nemini
837 2038 900 2093 in
941 2038 1046 2093 illa
1076 2055 1262 2102 causa
1291 2038 1491 2094 studio
1521 2044 1581 2093 et
1611 2038 1943 2111 cupiditate

187 2116 545 2175 concedere!
633 2117 788 2175 Cum
844 2135 985 2174 vero
1041 2118 1307 2174 exercitu
1364 2117 1588 2186 amisso
1650 2133 1782 2191 eg0,
1840 2115 1943 2190 qui

187 2199 355 2273 pacis
407 2214 646 2272 semper
691 2202 901 2253 auctor
946 2197 1050 2265 fui,
1101 2197 1272 2274 [post
1320 2196 1732 2253 Pharsalicum
1781 2213 1944 2270 proe-

189 2276 390 2353 lium,]
425 2293 639 2333 suasor
668 2276 918 2333 fuissem
951 2293 1256 2332 armorum
1286 2294 1406 2331 non
1437 2276 1941 2349 deponendorum,
1976 2275 2049 2331 25

194 2358 298 2413 sed
329 2355 817 2431 abjiciendorum,
849 2354 1006 2412 hunc
1039 2356 1114 2412 ad
1150 2373 1346 2412 meam
1378 2355 1796 2412 auctoritatem
1828 2372 1947 2411 non

191 2437 360 2512 potui
403 2436 717 2504 adducere,
763 2435 924 2509 quod
964 2441 1027 2491 et
1068 2435 1196 2509 ipse
1245 2434 1493 2491 ardebat
1538 2435 1739 2490 studio
1786 2434 1947 2490 illius

193 2516 332 2572 belli
389 2522 453 2572 et
507 2515 669 2589 patri
727 2515 879 2571 satis
934 2514 1275 2571 faciendum
1331 2532 1463 2570 esse
1521 2514 1943 2570 arbitrabatur.

195 2594 367 2652 Felix
421 2595 545 2651 ista
600 2594 815 2650 domus
870 2611 1022 2668 quae
1089 2611 1210 2650 non
1275 2593 1696 2667 impunitatem
1753 2593 1947 2649 solum

199 2676 415 2750 adepta
456 2674 556 2743 sit,
589 2674 695 2730 sed
736 2673 919 2729 etiam
966 2672 1289 2729 accusandi
1335 2672 1670 2728 licentiam:
1715 2672 1954 2729 calami·
1980 2672 2055 2728 30

200 2761 365 2811 tosus
413 2753 739 2810 Deiotarus
786 2752 904 2826 qui,
937 2752 1096 2826 quod
1143 2753 1202 2808 in
1249 2752 1476 2807 eisdem
1511 2752 1724 2807 castris
1753 2751 1949 2822 fuerit,

200 2850 313 2891 non
343 2833 528 2890 modo
559 2832 719 2907 apud
749 2836 826 2901 te,
854 2831 958 2887 sed
981 2832 1164 2888 etiam
1197 2849 1232 2886 a
1254 2832 1381 2887 suis
1413 2828 1763 2887 accusetur!
1819 2830 1951 2886 Vos

199 2921 402 2970 vestra
454 2912 720 2969 secunda
769 2911 1024 2979 fortuna,
1071 2911 1306 2979 Castor,
1354 2910 1770 2983 non‘potestis
1820 2910 1948 2966 sine

199 2994 669 3068 propinquorum
700 2990 1044 3047 calamitate
1075 3007 1206 3046 esse
1237 2988 1547 3046 contenti?

278 3076 366 3130 11.
416 3072 558 3130 Sint
613 3088 758 3126 sane
813 3069 1180 3139 inimicitiae,
1233 3087 1384 3143 quae
1434 3085 1565 3125 esse
1615 3085 1736 3124 non
1784 3066 1954 3122 debe·
1982 3066 2055 3123 35

201 3151 372 3224 bant;
438 3167 546 3207 rex
601 3150 762 3205 enim
819 3148 1141 3204 Deiotarus
1194 3157 1455 3204 vestram
1509 3147 1798 3203 familiam
1858 3146 1955 3199 ab·

208 3234 429 3304 jectam
470 3236 533 3285 et
572 3229 887 3285 obscuram
929 3245 961 3284 e
1002 3229 1265 3283 tenebris
1309 3227 1370 3282 in
1416 3227 1609 3281 lucem
1639 3224 1950 3279 evocavit:

203 3312 329 3385 quis
373 3319 553 3367 tuum
599 3315 834 3383 patrem
891 3312 1087 3373 antea,
1136 3306 1271 3380 quis
1322 3313 1499 3370 esset,
1546 3316 1725 3374 quam
1783 3302 1951 3370 cujus

204 3405 381 3463 gener
408 3394 595 3459 esset,
628 3383 866 3444 audivffit
883 3384 925 3445 ?‚
988 3384 1115 3442 Sed
1162 3382 1443 3456 quamvis
1483 3382 1717 3450 ingrate
1748 3384 1809 3431 et
1849 3378 1955 3431 im·
