2284 3717
166 109 250 172 52
688 122 763 169 M.
796 121 1056 170 'runnu
1104 121 1503 169 CICERONIS

273 278 486 335 fessio:
530 278 935 335 sollicitantur
969 278 1352 353 Allobroges,
1385 278 1638 337 servitia
1666 278 2027 350 excitantur,

278 357 543 417 Catilina
589 358 928 428 arcessitur,
968 358 1031 414 id
1073 364 1170 415 est
1213 359 1430 416 initum
1475 359 1812 430 consilium,
1851 365 1922 416 ut
1948 359 2028 414 in-

272 438 538 494 terfectis
569 437 846 494 omnibus
888 455 1064 494 nemo
1094 454 1170 494 ns
1209 438 1285 494 ad
1316 438 1751 512 deplorandum
1781 438 2029 513 quidem

273 517 479 591 populi
511 517 776 573 Romani
806 534 1022 573 nomen
1053 523 1233 590 atque
1272 518 1348 574 ad
1390 518 1844 574 lamentandam
1873 516 2029 574 tanti

209 598 245 655 5
276 596 504 671 imperii
535 596 948 653 calamitatem
978 596 1364 670 relinquatur.

356 679 406 733 3.
467 675 638 732 Haec
681 676 884 732 omnia
938 675 1166 731 indices
1215 675 1576 745 detulerunt,
1625 674 1712 732 rei
1768 674 2031 732 confessi

276 760 436 824 sunt,
476 771 588 810 vos
635 755 845 810 multis
877 755 1007 828 jam
1046 754 1291 828 judiciis
1324 755 1725 828 judicavistis,
1769 755 2029 829 primum

275 834 435 908 quod
490 834 638 890 mihi
695 835 925 908 gratias
981 834 1197 907 egistis
1252 835 1661 908 singularibus
1712 834 1915 891 verbis
1969 838 2033 889 et

278 931 413 969 mea
452 913 675 970 virtute
719 920 899 987 atque
942 913 1257 987 diligentia
1301 914 1673 987 perditorum
1717 912 2033 971 hominum

177 994 246 1050 10
276 992 747 1067 conjurationem
803 992 1170 1066 patefactam
1216 1010 1350 1050 esse
1391 993 1765 1063 decrevistiS,
1811 992 2031 1049 deinde

277 1073 439 1146 quod
487 1072 553 1129 P.
590 1071 916 1128 Lentulum
961 1088 1025 1129 se
1070 1072 1347 1129 abdicare
1387 1079 1673 1148 praetura
1710 1071 2032 1146 coegisti&

280 1157 408 1209 tum
455 1152 615 1225 quod
660 1169 798 1208 eum
838 1158 902 1207 et
943 1157 1190 1220 ceterOS,
1224 1152 1296 1208 de
1340 1152 1563 1226 quibus
1596 1151 1938 1225 judicastis,
1968 1151 2034 1206 in

279 1231 618 1288 custodiam
647 1231 879 1287 dandos
921 1232 1259 1302 censuistis,
1291 1232 1669 1306 maximeque
1698 1231 1863 1305 quod
1898 1247 2034 1287 meo

280 1310 518 1367 nomine
575 1309 1074 1384 supplicationem
1118 1311 1490 1380 decrevistiS,
1539 1310 1644 1385 qui
1699 1309 1895 1366 honos
1949 1316 2037 1366 to-

180 1394 250 1451 15
284 1396 428 1463 gato
460 1390 705 1445 habitus
729 1396 866 1446 ante
890 1407 984 1446 me
1006 1395 1103 1446 est
1124 1390 1349 1446 nemini
1369 1410 1383 1463 3
1423 1395 1726 1465 postremo
1750 1389 2035 1446 hesterno

283 1470 377 1526 die
422 1469 692 1543 praemia
728 1469 947 1544 legatis
978 1468 1381 1543 Allobrogum
1422 1469 1683 1544 Titoque
1713 1468 2035 1526 Volturcio

283 1549 537 1605 dedistis
567 1548 979 1623 amplissima3
1019 1566 1174 1622 quae
1204 1555 1348 1605 sunt
1377 1549 1579 1605 omnia
1607 1550 1734 1622 ejus
1765 1548 1947 1616 modi,
1969 1551 2038 1603 ut

281 1628 342 1698 ii,
374 1629 476 1702 qui
522 1628 586 1683 in
630 1628 965 1685 custodiam
1009 1628 1370 1684 nominatim
1407 1628 1534 1685 dati
1565 1634 1722 1698 sunt,
1749 1627 1880 1684 sine
1913 1626 2039 1683 ulla

282 1707 660 1764 dubitatione
691 1724 727 1763 a
755 1707 930 1764 vobis
960 1707 1227 1763 damnati
1262 1726 1395 1764 esse
1425 1706 1759 1764 videantur.

180 1791 254 1847 20
367 1786 485 1843 Sed
523 1804 636 1861 ego
678 1786 915 1843 institui
947 1786 1163 1843 referre
1194 1788 1270 1844 ad
1299 1805 1426 1858 VOS,
1457 1792 1661 1860 patres
1690 1784 2033 1861 conscripti,

285 1871 595 1940 tamquam
639 1866 961 1940 integrum,
993 1872 1055 1922 et
1084 1866 1157 1922 de
1193 1867 1351 1923 facto
1381 1867 1526 1941 quid
1557 1866 1841 1940 judicetis
1870 1877 1933 1922 et
1961 1866 2035 1922 de

283 1964 477 2020 poena
521 1945 663 2019 quid
721 1945 1033 2010 censeatis.
1119 1945 1238 2002 Illa
1284 1946 1640 2021 praedicam,
1689 1963 1843 2020 quae
1891 1951 2038 2002 sunt

286 2025 581 2082 consulis:
614 2042 727 2098 ego
756 2042 1046 2098 magnum
1075 2024 1135 2080 in
1162 2042 1224 2081 re
1246 2025 1490 2100 publica
1512 2026 1739 2081 versari
1770 2026 2036 2081 furorem

285 2110 346 2161 et
374 2122 533 2161 nova
562 2105 857 2179 quaedam
893 2104 1131 2161 misceri
1162 2110 1223 2161 et
1251 2105 1537 2161 concitari
1566 2105 1728 2161 mala
1759 2106 1891 2177 jam
1923 2103 2040 2178 pri-

182 2185 256 2241 25
288 2184 425 2240 dem
454 2183 728 2240 videbam
755 2203 768 2257 ;
813 2184 918 2240 sed
964 2183 1116 2240 hanc
1146 2188 1395 2254 tantam,
1429 2189 1555 2241 tam
1586 2184 1908 2241 exitiosam
1937 2183 2039 2240 ha-

289 2263 413 2319 beri
432 2263 901 2336 conjurationem
923 2282 958 2319 a
976 2264 1212 2320 civibus
1233 2282 1564 2338 numquam
1583 2264 1810 2337 putavi.
1857 2262 1916 2319 N
1923 2280 2039 2319 une

289 2342 572 2416 quicquid
615 2349 726 2412 est,
765 2360 1138 2417 quocumque
1186 2348 1422 2399 vestrae
1464 2349 1699 2399 mentes
1739 2343 2039 2399 inclinant

288 2428 468 2495 atque
525 2422 876 2491 sententiae,
924 2422 1316 2478 statuendum
1370 2423 1544 2479 vobis
1602 2428 1740 2479 ante
1796 2427 2040 2488 noctem

290 2507 397 2557 est.
485 2502 797 2573 Quantum
838 2502 1071 2558 facinus
1115 2502 1190 2557 ad
1224 2519 1332 2558 vos
1360 2502 1628 2558 delatum
1669 2502 1750 2558 sit
1777 2501 2038 2558 videtis:

183 2583 259 2638 30
290 2578 428 2636 huic
485 2581 536 2637 si
591 2598 817 2654 paucos
870 2581 1101 2655 putatis
1167 2581 1392 2637 adfines
1448 2598 1599 2649 esse,
1653 2580 2043 2637 vehementer

288 2653 538 2717 erratis:
621 2660 805 2716 latius
882 2660 1160 2734 opinione
1230 2660 1693 2717 disseminatum
1762 2666 1858 2716 est
1929 2660 2043 2718 hoc

289 2739 552 2812 malum3
616 2739 890 2796 manavit
939 2757 1056 2795 non
1107 2738 1303 2795 solum
1358 2757 1464 2813 per
1520 2739 1780 2808 Italiam,
1832 2756 2046 2796 verum

288 2820 471 2875 etiam
502 2819 878 2876 transcendit
907 2819 1099 2892 Alpes
1141 2824 1204 2875 et
1237 2820 1484 2875 obscure
1527 2836 1773 2893 serpens
1815 2818 2046 2876 multas

297 2898 424 2969 jam
455 2898 798 2972 provincias
840 2898 1171 2973 occupavit.
1245 2898 1316 2955 Id
1356 2898 1608 2973 opprimi
1637 2898 2045 2955 sustentando

184 2978 259 3033 35
293 2994 360 3033 ac
382 2976 737 3051 prolatando
760 2976 924 3033 nullo
947 2984 1122 3050 pacto
1147 2982 1382 3050 potest3
1418 2994 1789 3052 quacumque
1808 2977 2046 3036 ratione

288 3056 506 3129 placet,
538 3054 809 3110 celeriter
838 3056 1010 3111 vobis
1040 3056 1471 3113 vindicandum
1499 3061 1608 3114 est.

371 3137 421 3189 4.
469 3132 666 3190 Video
713 3132 908 3187 adhuc
954 3134 1106 3189 duas
1154 3152 1287 3191 esse
1331 3135 1680 3203 sententias
1725 3151 1912 3190 unam
1965 3134 2044 3193 D.

296 3208 501 3281 Silani,
533 3211 637 3285 qui
679 3217 884 3266 censet
920 3228 1042 3281 eos,
1076 3213 1180 3286 qui
1224 3214 1371 3271 haec
1399 3214 1594 3271 delere
1638 3214 1837 3271 conati
1879 3219 2046 3285 sunt,

292 3294 483 3343 morte
539 3305 672 3344 esse
728 3289 1093 3360 multandos,
1147 3289 1398 3349 alteram
1459 3292 1526 3351 O.
1585 3292 1884 3364 CaesariS‚
1938 3294 2048 3370 qui

2261 2401 2267 2524 fl...—
2255 279 2267 2354 ffl-—Uss—A.„h-ss——ffl——*—u—d⁴——m
