2284 3717
236 119 364 185 120
757 133 834 182 u.
864 133 1122 181 runnu
1172 133 1569 183 monnoms

423 291 515 349 13.
548 286 758 363 Quid?
815 289 908 348 Tu
931 308 1027 346 me
1055 290 1164 347 tibi
1195 291 1439 362 iratum,
1474 289 1672 362 Sexte,
1696 295 1898 365 patae,
1932 292 2103 366 cujus

338 369 829 429 inimicissimum
878 370 1070 426 multo
1119 370 1424 428 crudelius
1471 371 1657 428 etiam
1703 371 1962 447 punitus
2019 389 2101 443 eS,

341 466 522 525 quam
573 455 704 505 erat
751 448 1156 507 humanitatis
1210 467 1379 506 meae
1433 448 1782 525 postulare?
1876 450 1974 508 Tu
2033 451 2098 507 P.

345 527 544 586 Clodii
574 534 887 585 cruentum
916 529 1174 584 cadaver
1202 529 1431 602 ejecisti
1467 529 1663 600 domo,
1693 535 1762 586 tu
1802 529 1869 585 in
1910 529 2105 603 publi·

276 609 312 666 5
343 624 478 664 cum
529 607 816 681 abjecisti,
861 613 929 663 tu
972 607 1300 682 spoliatum
1343 608 1729 683 imaginibus,
1774 609 2100 682 exsequiis,

340 703 581 762 pompa,
615 687 981 755 laudatione,
1026 686 1461 743 infelicissimis
1508 687 1693 761 lignis
1742 687 2106 744 semiustila-

344 771 475 822 tum
507 766 816 822 nocturnis
838 766 1088 822 canibus
1110 766 1529 823 dilaniandum
1556 767 1871 841 reliquisti.
1921 767 2107 839 -Qua-

343 862 425 915 re,
449 845 565 901 etsi
594 845 818 902 nefarie
848 844 1063 914 fecisti,
1088 851 1310 915 tamen,
1344 846 1625 920 quoniam
1657 845 1722 902 in
1749 863 1883 903 meo
1913 845 2108 901 inimi-

345 941 414 982 co
437 924 854 981 crudelitatem
877 924 1303 1000 exprompsisti
1332 930 1518 995 tuam,
1543 923 1792 981 laudare
1820 941 1944 980 non
1974 941 2108 999 pos·

243 1003 316 1061 10
347 1020 498 1072 sum,
555 1003 733 1061 irasci
791 1008 951 1060 certe
1007 1020 1128 1059 non
1184 1003 1388 1061 debeo,
1492 1003 1792 1073 Audistis,
1835 1002 2102 1077 judica,

345 1087 640 1157 quantum
680 1081 901 1140 Clodii
953 1082 1303 1139 interfuerit
1352 1082 1544 1140 occidi
1592 1081 1917 1140 Milonem:
1975 1099 2109 1139 con·

346 1161 566 1217 vertite
614 1161 849 1218 animos
897 1178 1058 1218 nunc
1099 1161 1373 1218 vicissim
1423 1162 1501 1219 ad
1548 1161 1856 1219 Milonem.
1947 1160 2108 1234 Quid

347 1239 600 1296 Milonis
629 1241 919 1298 intererat
956 1240 1211 1297 interfici
1241 1238 1568 1299 Clodium?
1652 1240 1813 1313 Quid
1842 1246 1977 1297 erat
2004 1256 2107 1298 cur

346 1318 498 1375 Milo
528 1336 649 1376 non
677 1320 874 1376 dicam
904 1320 1267 1390 admitteret,
1300 1320 1408 1377 sed
1439 1318 1718 1395 optaret?
1805 1318 2109 1378 Obstabat

245 1398 318 1456 15
348 1397 409 1454 in
438 1416 542 1473 spe
564 1399 914 1455 consulatus
943 1398 1160 1455 Miloni
1187 1398 1452 1456 Clodius,
1512 1399 1601 1456 At
1630 1416 1700 1455 eo
1730 1404 2108 1473 repugnante

348 1476 545 1547 fiebat,
576 1478 761 1536 immo
792 1495 933 1534 vero
962 1495 1033 1535 eo
1062 1477 1247 1535 fiebat
1286 1478 1501 1551 magis
1534 1495 1643 1536 nec
1684 1495 1778 1534 me
1822 1478 2111 1552 suffraga-

349 1560 479 1613 tore
521 1556 767 1614 meliore
809 1558 1098 1613 utebatur
1120 1575 1303 1632 quam
1335 1557 1568 1616 Clodio·
1649 1556 1918 1614 Valebat
1947 1556 2109 1631 apud

350 1651 477 1704 voe,
498 1636 749 1708 judices
775 1636 1026 1693 Milonis
1047 1654 1194 1711 erga
1215 1654 1311 1693 me
1333 1653 1579 1711 remque
1606 1636 1916 1710 publicam
1942 1636 2112 1693 meri·

351 1717 550 1770 torum
578 1715 883 1786 memoria,
910 1715 1194 1772 valebant
1221 1733 1431 1789 preces
1452 1721 1516 1773 et
1536 1715 1819 1773 lacrimae
1840 1722 2107 1783 nostrae,

246 1795 321 1852 20
351 1792 570 1867 quibus
611 1811 725 1869 ego
767 1799 899 1851 tum
928 1811 1038 1851 vos
1080 1794 1326 1851 mirifice
1354 1795 1583 1852 moveri
1612 1794 1969 1864 sentiebam,
2002 1794 2109 1851 sed

347 1872 484 1947 plus
505 1873 696 1930 multo
717 1873 963 1930 valebat
980 1874 1381 1948 periculorum
1403 1873 1883 1949 impendentium
1905 1874 2107 1930 timor.

351 1952 504 2024 Quis
544 1953 706 2009 enim
746 1957 878 2009 erat
917 1953 1142 2010 civium
1186 1953 1288 2027 qui
1330 1954 1448 2010 sibi
1489 1953 1753 2010 solutam
1797 1953 1862 2010 P.
1910 1951 2111 2011 Clodii

350 2037 698 2105 praeturam
741 2032 870 2089 sine
911 2033 1178 2088 maximo
1220 2049 1419 2089 rerum
1463 2050 1758 2089 novarum
1787 2037 1952 2089 metu
1980 2049 2112 2107 pro-

350 2108 646 2183 poneret?
733 2110 1011 2168 Solutam
1042 2118 1244 2168 autem
1277 2111 1402 2168 fore
1431 2112 1752 2182 videbatiS,
1786 2111 1905 2167 nisi
1947 2115 2110 2168 esset

248 2189 322 2245 25
353 2189 407 2244 is
448 2189 675 2258 consul,
711 2190 815 2263 qui
855 2208 988 2246 eam
1031 2190 1282 2247 auderet
1307 2197 1631 2265 possetque
1663 2191 2106 2263 constringere:

351 2285 489 2324 eum
539 2268 831 2325 Milonem
875 2287 1064 2326 unum
1109 2286 1243 2326 esse
1288 2288 1425 2326 cum
1482 2270 1734 2327 sentiret
1789 2269 2109 2326 universus

349 2347 611 2421 populus
653 2348 988 2417 RomanuS,
1032 2349 1168 2423 quis
1211 2349 1519 2406 dubitaret
1560 2348 1846 2423 suffragio
1889 2366 2002 2406 suo
2045 2365 2109 2406 se

350 2432 535 2495 metu,
574 2427 840 2501 periculo
880 2445 1009 2484 rem
1057 2427 1366 2502 publicam
1412 2426 1709 2485 liberare?
1792 2429 1883 2483 At
1930 2444 2107 2499 nunc,

355 2504 567 2562 Clodio
615 2512 863 2575 remoto,
910 2507 1155 2563 usitatis
1200 2509 1329 2581 jam
1382 2508 1564 2564 rebus
1612 2506 1963 2564 enitendum
2017 2511 2111 2563 est

247 2583 321 2639 30
352 2583 585 2655 Miloni,
617 2590 686 2641 ut
711 2590 956 2641 tueatur
983 2586 1346 2659 dignitatem
1377 2604 1549 2643 suam
1576 2606 1590 2659 3
1633 2585 1964 2659 singularis
2007 2586 2113 2641 illa

352 2667 415 2719 et
442 2663 580 2722 huic
609 2664 713 2720 uni
743 2681 1028 2720 concessa
1056 2665 1265 2738 gloria,
1292 2683 1443 2739 quae
1475 2665 1739 2740 quotidie
1770 2665 2114 2738 augebatur

351 2742 701 2816 frangendis
750 2743 1047 2800 furoribus
1100 2743 1431 2813 Clodianis
1481 2746 1611 2818 jam
1663 2743 1862 2801 Clodii
1918 2750 2112 2800 morte

351 2823 581 2879 cecidit.
666 2821 798 2879 Vos
829 2823 1032 2896 adepti
1062 2823 1229 2892 estiS,
1261 2840 1335 2879 ne
1365 2841 1540 2898 quem
1584 2823 1777 2880 civem
1821 2829 2116 2879 metuere·

353 2900 473 2974 tis3
518 2901 614 2958 hic
642 2902 1421 2970 exercitationemairtutis
1455 2901 1952 2975 suffragationem
1982 2919 2116 2959 con·

248 2976 321 3033 35
353 2980 606 3050 sulatuS,
667 2981 892 3037 fontem
946 2998 1272 3055 perennem
1327 2980 1555 3054 gloriae
1611 2998 1757 3037 suae
1811 2981 2113 3054 perdidit:

351 3059 556 3133 itaque
600 3058 847 3116 Milonis
890 3060 1255 3128 consulatus,
1287 3060 1391 3134 qui
1422 3060 1564 3117 vivo
1597 3059 1813 3118 Clodio
1856 3059 2117 3118 labefac-

352 3138 470 3193 tari
512 3155 630 3194 non
672 3142 927 3210 poterat,
959 3144 1198 3194 mortuo
1240 3138 1496 3213 denique
1537 3137 1822 3214 temptari
1861 3146 2115 3214 coeptus

356 3220 465 3270 est.
538 3214 677 3271 Non
707 3215 884 3271 modo
907 3216 1096 3288 igitur
1122 3216 1275 3273 nihil
1304 3218 1569 3290 prodest,
1596 3218 1702 3275 sed
1731 3217 1907 3275 obest
1928 3220 2115 3275 etiam

362 3289 561 3347 Clodii
588 3308 749 3348 mors
786 3292 1022 3350 Miloni.
1109 3293 1202 3352 At
1229 3295 1423 3352 valuit
1462 3297 1685 3369 odium,
1717 3296 1862 3355 fecit
1902 3296 2115 3369 iratuS,
