2284 3717
240 127 368 193 148
760 142 835 189 Μ.
866 141 1125 189 runnu
1176 141 1571 189 c1cmzoms

347 299 494 376 quid
534 297 687 355 mihi
728 316 886 356 nunc
917 298 1105 355 animi
1149 298 1248 371 sit,
1283 299 1360 357 ad
1399 303 1461 357 te
1495 299 1694 373 ipsum
1723 298 1961 371 referre,
1992 316 2106 375 quo

347 379 588 438 facilius
630 396 766 436 cum
812 379 1090 453 aequitas
1131 384 1241 435 tua
1281 385 1413 436 tum
1463 379 1749 436 audiendi
1793 379 2131 455 diligentia

346 460 585 517 minuat
614 458 770 516 hanc
798 458 1314 534 perturbationem
1344 476 1556 516 meam.

432 538 552 596 Sed
595 544 733 595 ante
764 556 943 613 quam
975 539 1047 595 de
1079 539 1460 595 accusatione
1495 539 1628 614 ipsa
1658 538 1808 608 dico,
1841 539 1917 596 de
1950 556 2113 596 aecu-

283 620 320 676 5
352 624 620 675 satorum
664 635 768 694 spe
810 635 1006 693 pauca
1049 618 1285 692 dicam;
1328 619 1431 692 qui
1473 636 1610 675 cum
1641 618 1971 675 videantur
2007 635 2113 675 nec

350 698 597 773 ingenio
639 715 748 755 nec
793 716 911 755 usu
956 703 1139 772 atque
1182 698 1610 755 exercitatione
1652 716 1856 755 rerum
1895 699 2112 767 valere,

352 783 562 834 tamen
591 778 668 834 ad
713 777 867 835 hanc
896 795 1144 835 causam
1178 795 1300 834 non
1329 778 1458 835 sine
1489 777 1693 853 aliqua
1734 794 1841 852 spe
1870 782 1937 836 et
1965 778 2117 853 cogi·

350 859 582 915 tatione
614 862 923 915 venerunt.

434 941 486 995 3.
533 937 765 994 Iratum
789 943 849 994 te
872 936 999 1011 regi
1023 935 1318 994 Deiotaro
1341 935 1526 994 fuisse
1548 953 1670 993 non
1691 941 1869 995 erant
1891 936 2116 1010 nescii3

250 1019 325 1076 10
355 1016 635 1074 affectum
656 1017 826 1073 illum
847 1017 1212 1091 quibusdam
1230 1016 1633 1073 incommodis
1654 1023 1716 1074 et
1733 1016 2118 1074 detrimentis

353 1102 597 1172 propter
638 1096 1028 1154 offensionem
1087 1096 1275 1153 animi
1321 1097 1412 1153 tui
1458 1097 1859 1153 meminerant
1904 1096 2117 1174 [teque

356 1194 491 1232 cum
538 1175 680 1236 huic
721 1177 961 1248 iratum,
1001 1182 1133 1233 tum
1178 1175 1296 1233 sibi
1338 1176 1599 1233 amicum
1643 1193 1777 1233 esse
1824 1193 2121 1250 cognove-

359 1254 545 1331 rant‚]
577 1272 832 1331 cumque
876 1256 1036 1330 apud
1078 1256 1280 1330 ipsum
1317 1261 1379 1313 te
1410 1256 1483 1313 de
1524 1261 1631 1313 tuo
1672 1256 1940 1330 periculo
1971 1256 2123 1313 dice-

355 1342 507 1406 rent,
553 1335 675 1392 fore
723 1335 1023 1411 putabant
1070 1341 1139 1393 ut
1187 1336 1249 1392 in
1298 1336 1640 1392 exulcerato
1690 1336 1896 1392 animo
1947 1336 2122 1393 facile

251 1418 326 1474 15
358 1414 561 1472 fictum
591 1416 818 1472 crimen
859 1414 1168 1473 insideret.
1256 1415 1664 1489 Quamobrem
1708 1414 1822 1472 hoc
1852 1432 1968 1472 nos
2012 1416 2127 1490 pri·

356 1513 522 1552 mum
554 1501 736 1565 metu,
771 1495 1014 1565 Caesar,
1045 1512 1152 1570 per
1180 1494 1355 1552 fidem
1392 1500 1454 1552 et
1482 1495 1892 1552 constantiam
1922 1500 1987 1553 et
2016 1496 2131 1553 cle-

358 1576 648 1633 mentiam
665 1587 834 1633 tuam
857 1575 1059 1644 libera,
1087 1592 1160 1631 ne
1190 1575 1453 1632 residere
1482 1575 1545 1631 in
1574 1580 1632 1632 te
1662 1574 1850 1631 ullam
1880 1580 2126 1650 partem

356 1653 702 1711 iracundiae
732 1655 1122 1728 suspicemur.
1211 1654 1329 1711 Per
1357 1655 1663 1712 dexteram
1690 1655 1874 1711 istam
1906 1660 1968 1712 te
2002 1672 2126 1727 or0,

359 1751 541 1807 quam
571 1734 700 1808 regi
731 1734 1018 1792 Deiotaro
1048 1733 1269 1809 hospes
1297 1734 1523 1809 hospiti
1552 1734 1889 1808 porrexisti,
1917 1735 2126 1806 istam,

252 1813 329 1869 20
361 1812 622 1887 inquam,
654 1814 963 1871 dexteram
1001 1831 1120 1870 non
1150 1819 1277 1870 tam
1321 1814 1383 1871 in
1412 1814 1588 1872 bellis
1630 1832 1824 1889 neque
1865 1814 1932 1871 in
1960 1832 2132 1890 proe-

361 1892 457 1949 liis
489 1910 670 1968 quam
712 1894 771 1950 in
814 1893 1127 1969 promissis
1156 1899 1218 1949 et
1253 1892 1365 1950 fide
1397 1893 1733 1951 firmiorem.
1821 1894 1918 1951 Tu
1959 1895 2130 1952 illius

359 1972 607 2030 domum
637 1973 807 2043 inire,
839 1979 907 2029 tu
937 1978 1113 2030 vetus
1144 1972 1479 2047 hospitium
1513 1990 1807 2030 renovare
1837 1974 2129 2048 voluisti3

365 2058 422 2110 te
467 2054 595 2127 ejus
625 2053 686 2109 di
732 2058 983 2127 penates
1030 2058 1405 2127 acceperunt,
1435 2058 1495 2109 te
1542 2053 1804 2109 amicum
1838 2058 1903 2111 et
1930 2054 2131 2128 placa-

358 2137 487 2188 tum
549 2132 822 2189 Deiotari
870 2131 1031 2206 regis
1089 2150 1226 2190 arae
1284 2132 1514 2207 focique
1565 2132 1865 2191 viderunt.
1969 2133 2126 2192 Cum

256 2212 330 2268 25
360 2212 534 2268 facile
565 2212 738 2280 orari,
767 2212 1007 2281 Caesar,
1032 2217 1164 2268 tum
1196 2213 1381 2269 semel
1409 2212 1646 2269 exorari
1676 2212 1853 2269 soles,
1927 2211 2128 2271 Nemo

362 2309 650 2366 umquam
678 2297 737 2349 te
781 2292 1048 2366 placavit
1076 2291 1371 2362 inimicuS,
1405 2292 1510 2366 qui
1544 2293 1699 2348 ullas
1729 2292 2035 2350 resedisse
2065 2295 2128 2350 in

361 2378 423 2428 te
479 2371 811 2428 simultatis
866 2372 1153 2446 reliquias
1208 2372 1478 2429 senserit.
1538 2395 1546 2401 ·
1584 2371 1969 2446 Quamquam
2030 2372 2129 2431 cui

364 2456 508 2508 sunt
537 2450 847 2508 inauditae
878 2468 1014 2507 cum
1045 2451 1334 2508 Deiotaro
1363 2451 1639 2526 querelae
1661 2451 1848 2509 tuae?
1935 2451 1997 2509 N
2002 2471 2130 2509 um·

366 2548 547 2605 quam
571 2535 641 2587 tu
670 2531 838 2587 illum
870 2531 1235 2587 accusavisti
1263 2536 1331 2587 ut
1354 2530 1608 2601 hostem,
1634 2532 1741 2588 sed
1770 2536 1842 2588 ut
1864 2532 2128 2590 amicum

261 2610 334 2667 30
364 2610 553 2668 officio
581 2627 793 2685 parum
825 2611 1115 2682 functum,
1149 2611 1310 2685 quod
1347 2611 1701 2685 propensior
1728 2610 1793 2667 in
1818 2611 1929 2670 On.
1951 2611 2128 2669 Pom-

361 2691 481 2765 peii
511 2691 836 2747 amicitiam
862 2690 1077 2747 fuisset
1100 2707 1278 2764 quam
1312 2690 1375 2746 in
1398 2696 1601 2748 tuam:
1646 2690 1744 2747 cui
1771 2697 1979 2748 tamen
2008 2692 2126 2768 ipsi

365 2770 453 2826 rei
502 2771 741 2827 veniam
792 2776 850 2826 te
901 2770 1183 2827 daturum
1231 2770 1416 2827 fuisse
1466 2769 1727 2840 dicebaS‚
1773 2770 1829 2827 si
1883 2777 2128 2829 tantum

368 2850 591 2906 auxilia
633 2850 940 2925 Pompei0,
975 2849 1069 2907 vel
1113 2849 1168 2906 si
1207 2850 1392 2906 etiam
1433 2849 1624 2906 filium
1666 2850 1953 2921 misisset,
1996 2852 2130 2927 ipse

305 2946 311 2952 ’
369 2930 589 2985 aetatis
633 2930 1018 2986 excusatione
1063 2945 1213 2986 usus
1256 2933 1434 2987 esset.
1520 2928 1621 2985 Ita
1659 2947 1795 2987 cum
1839 2931 2131 2989 maximis

262 3010 334 3065 35
367 3026 505 3064 eum
548 3009 728 3065 rebus
773 3009 1075 3079 liberareS,
1118 3024 1477 3084 perparvam
1525 3010 1826 3067 amicitiae
1880 3011 2129 3085 culpam

365 3087 786 3161 relinquebas3
844 3087 1049 3161 itaque
1093 3105 1214 3144 non
1269 3090 1465 3144 solum
1521 3088 1584 3143 in
1632 3107 1772 3146 eum
1821 3107 1942 3148 non
2000 3093 2130 3148 ani·

366 3165 765 3237 madvertisti,
814 3166 921 3221 sed
978 3167 1139 3222 omni
1194 3173 1360 3223 metu
1415 3167 1772 3240 liberavisti,
1817 3168 2129 3245 hospitem

369 3241 692 3313 agnovisti,
729 3259 935 3314 regem
976 3243 1292 3317 reliquisti.
1380 3245 1591 3322 Neque
1634 3249 1799 3306 enim
1842 3250 1944 3308 ille
1988 3252 2131 3311 odio

365 3318 452 3371 tui
482 3334 858 3391 progressuS,
890 3320 996 3378 sed
1038 3340 1235 3380 errore
1265 3327 1569 3383 communi
1607 3323 1820 3404 lapsus
1861 3335 1974 3389 est.
2064 3332 2132 3392 Is
