2284 3717
279 135 365 197 34
798 149 872 196 Μ.
911 148 1169 194 TULLII
1220 147 1619 194 CICERONIS

382 323 516 362 rum
538 306 1026 381 direptorumque
1055 323 1249 380 pono;
1293 305 1400 361 sed
1428 320 1532 361 eos
1560 301 1674 359 hoc
1697 321 1947 361 moneo:
1993 303 2124 361 desi

383 392 532 441 nant
561 387 753 442 furere
785 404 853 443 ac
880 386 1348 461 proscriptiones
1377 391 1438 441 et
1467 383 1798 440 dictaturas
1840 385 2135 458 cogitare:

385 471 594 521 tantus
649 466 812 522 enim
861 466 1100 522 illorum
1150 471 1491 539 temporum
1538 463 1707 519 dolor
1756 463 1998 519 inustus
2048 474 2134 519 est

382 545 637 615 civitati,
663 553 732 601 ut
752 547 881 618 jam
910 545 1031 605 ista
1053 562 1174 601 non
1200 545 1379 600 modo
1411 543 1700 611 homineS‚
1730 544 1834 599 sed
1866 561 1941 598 ne
1971 560 2136 616 pecu·

315 627 350 683 5
383 624 490 681 des
519 625 760 698 quidem
792 625 942 680 mihi
970 640 1263 699 passurae
1292 641 1425 679 esse
1457 622 1790 679 videantur.

468 707 554 761 10.
605 704 902 776 Quartum
932 721 1124 778 genus
1154 711 1248 758 est
1271 721 1413 759 sane
1439 703 1672 758 varium
1701 709 1762 757 et
1791 701 2051 757 mixtum
2081 705 2136 757 et

382 784 814 851 turbulentum,
847 785 946 857 qui
982 785 1111 857 jam
1157 783 1387 857 pridem
1428 788 1797 856 premuntur,
1830 781 1934 855 qui
1977 799 2136 836 num-

383 880 562 936 quam
614 870 949 937 emergunt,
996 864 1098 938 qui
1155 863 1377 935 partim
1430 863 1660 929 inertia,
1704 863 1929 935 partim
1987 861 2136 916 male

383 944 648 1015 gerendo
678 944 941 1017 negotiO,
973 942 1197 1017 partim
1227 943 1413 998 etiam
1460 940 1801 1013 sumptibus
1845 941 1903 995 in
1938 949 2135 996 vetere

189 1053 206 1063 ν
278 1024 352 1080 10
385 1039 517 1078 aere
561 1022 756 1079 alieno
789 1023 1110 1095 vacillant3
1155 1021 1255 1096 qui
1288 1020 1670 1089 vadimoniiS,
1706 1019 1972 1093 judiciis,
2008 1038 2133 1093 pro-

382 1101 704 1176 scriptione
747 1103 1040 1158 bonorum
1081 1101 1417 1175 defatigati,
1448 1100 1730 1176 permulti
1771 1105 1834 1156 et
1875 1116 1950 1155 ex
1995 1100 2134 1154 urbe

380 1186 445 1237 et
464 1199 541 1237 ex
563 1182 727 1255 agris
758 1199 821 1238 se
850 1183 913 1237 in
943 1182 1047 1237 illa
1068 1189 1268 1238 castra
1288 1181 1554 1237 conferre
1575 1180 1868 1237 dicuntur.
1933 1178 2134 1235 Hosce

380 1276 494 1333 ego
525 1278 643 1316 non
684 1268 812 1317 tarn
842 1261 1066 1318 milites
1109 1277 1276 1317 acres
1316 1278 1498 1335 quam
1540 1259 1898 1316 infitiatores
1943 1258 2135 1315 lentos

380 1356 512 1396 esse
558 1340 844 1413 arbitror3
901 1341 1003 1416 qui
1048 1340 1322 1396 homines
1376 1339 1656 1415 primum,
1702 1338 1754 1394 si
1810 1343 1973 1393 stare
2019 1355 2134 1393 nou

276 1417 350 1476 15
382 1426 655 1492 possunt,
681 1427 979 1490 corruant,
1013 1421 1119 1477 sed
1163 1420 1266 1490 ita,
1302 1425 1368 1475 ut
1397 1436 1517 1474 non
1546 1418 1725 1475 modo
1760 1418 1998 1485 civitas,
2034 1417 2135 1473 sed

383 1514 455 1555 ne
488 1499 665 1555 vicini
696 1501 938 1574 quidem
967 1499 1221 1574 proximi
1267 1499 1547 1555 sentiant.
1634 1496 1793 1553 Nam
1838 1496 1988 1553 illud
2021 1515 2134 1553 non

381 1577 674 1652 intelligo,
701 1581 1109 1653 quamobrem,
1136 1578 1189 1635 si
1212 1579 1415 1634 vivere
1442 1577 1690 1633 honeste
1713 1594 1832 1632 non
1857 1583 2133 1649 possunt,

380 1658 572 1731 perire
620 1660 876 1733 turpiter
918 1659 1125 1727 velint,
1170 1664 1275 1714 aut
1316 1675 1419 1715 cur
1462 1657 1692 1713 minore
1735 1656 1940 1712 dolore
1989 1656 2138 1730 peri-

381 1743 550 1793 turos
597 1755 660 1794 se
711 1757 844 1795 cum
892 1739 1117 1808 multis,
1165 1756 1347 1812 quam
1405 1737 1455 1793 si
1514 1736 1625 1793 soli
1668 1740 1939 1810 percant,
1988 1736 2138 1792 arbi-

276 1816 350 1872 20
383 1821 629 1874 trentur.
719 1819 1009 1890 Quintum
1040 1835 1233 1891 genus
1275 1824 1369 1873 est
1410 1816 1863 1890 parricidarum,
1897 1816 2138 1871 sicario-

384 1911 532 1965 rum,
576 1897 830 1972 denique
875 1897 1138 1954 omnium
1183 1897 1690 1967 facinorosorum3
1744 1912 1897 1969 quos
1940 1913 2057 1968 ego
2100 1914 2137 1951 a

385 1974 653 2032 Catilina
710 1995 829 2033 non
885 1994 1134 2048 revoco3
1205 1994 1346 2031 nam
1410 1993 1601 2049 neque
1666 1974 1742 2029 ab
1797 1991 1879 2029 eo.
1927 1975 2137 2031 divelli

382 2061 640 2128 possunt
669 2062 728 2112 et
758 2063 1005 2131 pereant
1035 2074 1181 2111 sane
1220 2056 1279 2110 in
1309 2055 1639 2123 latrocinio,
1673 2053 1961 2128 quoniam
1993 2061 2139 2111 sunt

381 2134 476 2192 ita,
496 2135 688 2204 multi,
721 2143 788 2194 ut
815 2154 920 2192 eos
962 2153 1163 2192 carcer
1191 2153 1403 2209 capere
1449 2152 1567 2191 non
1596 2133 1806 2207 possit.
1897 2133 2140 2190 Postress

198 2240 202 2244 .
276 2213 348 2269 25
379 2230 545 2270 mum
592 2221 795 2271 autem
841 2233 1033 2289 genus
1080 2221 1174 2271 cst
1218 2233 1337 2270 non
1381 2215 1576 2270 solum
1618 2229 1882 2280 numerO,
1924 2231 2137 2269 verum

379 2293 561 2348 etiam
606 2312 823 2367 genere
865 2298 997 2369 ipso
1043 2303 1221 2368 atque
1255 2294 1398 2362 vita,
1432 2292 1591 2368 quod
1633 2292 1941 2366 proprium
1974 2292 2141 2350 Cati-

381 2371 539 2428 linae
582 2381 692 2443 est,
726 2375 799 2431 de
842 2377 971 2448 ejus
1015 2375 1266 2442 delectu,
1298 2374 1482 2429 immo
1514 2389 1656 2428 vero
1699 2371 1772 2427 de
1815 2371 2139 2445 complexu

378 2452 506 2523 ejus
537 2470 605 2510 ac
634 2455 784 2522 sinu,
811 2471 960 2528 quos
989 2471 1140 2528 pexo
1171 2452 1406 2527 capillo,
1431 2451 1673 2520 nitidos,
1696 2456 1802 2505 aut
1830 2450 2141 2509 imberbes

378 2539 483 2586 aut
528 2532 676 2589 bene
724 2534 1009 2589 barbatos
1055 2532 1295 2601 videtis,
1339 2531 1659 2587 manicatis
1718 2535 1780 2585 et
1832 2529 2142 2588 talaribus

275 2611 347 2666 30
377 2611 613 2680 tunicis²
649 2613 799 2669 velis
843 2613 1113 2681 amictos,
1149 2629 1268 2667 non
1297 2611 1476 2684 togis,
1511 2626 1765 2683 quorum
1806 2610 2008 2665 omnis
2051 2611 2146 2667 in-

378 2689 611 2746 dustria
643 2692 799 2748 vitae
830 2699 891 2748 et
922 2692 1211 2765 vigilandi
1258 2691 1430 2746 labor
1459 2689 1519 2744 in
1558 2688 1935 2745 antelucanis
1965 2691 2144 2749 cenis

377 2772 759 2843 expromitur.
820 2772 895 2827 In
926 2772 1021 2827 his
1045 2771 1329 2844 gregibus
1355 2787 1562 2825 omncs
1587 2768 1897 2835 aleatoreS,
1922 2786 2146 2827 omnes

292 2854 299 2860 '
379 2849 649 2919 adulteri,
693 2868 901 2907 omncs
945 2851 1163 2924 impuri
1215 2849 1621 2923 impudicique
1668 2855 2026 2921 versantur3
2078 2850 2148 2908 hi

375 2928 546 3000 pueri
603 2936 724 2985 tam
780 2931 960 3006 lepidi
1007 2948 1074 2985 ac
1120 2929 1358 2985 delicati
1409 2946 1528 2984 non
1580 2928 1774 2983 solum
1823 2944 2031 2984 amare
2079 2937 2150 2989 et

275 3006 346 3061 35
379 3006 582 3075 amari,
630 3027 820 3082 neque
873 3010 1091 3066 saltare
1150 3014 1211 3064 et
1259 3014 1519 3075 cantare,
1574 3006 1677 3062 sed
1729 3006 1914 3061 etiam
1974 3007 2152 3067 sicas

384 3085 618 3142 vibrare
676 3094 738 3143 et
794 3107 1077 3162 spargere
1128 3105 1362 3144 venena
1418 3087 1793 3157 didicerunt3
1851 3085 1954 3158 qui
2016 3089 2146 3146 nisi

375 3170 610 3232 exeunt,
644 3167 761 3222 nisi
803 3174 1069 3242 pereunt,
1102 3169 1288 3223 etiam
1332 3166 1382 3222 si
1416 3165 1679 3223 Catilina
1721 3164 1987 3238 perierit,
2028 3168 2154 3226 sci-

376 3246 502 3297 tote
532 3242 644 3298 hoc
673 3244 733 3300 in
757 3263 817 3301 re
847 3247 1088 3320 publica
1117 3245 1506 3301 seminarium
1535 3244 1940 3302 Catilinarum
1974 3245 2156 3307 futu.

376 3335 524 3375 rum.
612 3321 840 3379 Verum
884 3332 1086 3381 tamen
1130 3325 1275 3398 quid
1319 3325 1434 3380 sibi
1480 3325 1582 3381 isti
1625 3324 1827 3380 miseri
1871 3324 2155 3389 volunt?
