2284 3717
250 174 373 239 168
771 189 847 237 M.
877 187 1135 236 'runnu
1185 186 1581 236 monnoms

352 345 615 403 vinciam
643 363 765 403 non
794 347 1045 404 sumus)
1129 345 1309 417 Quid,
1342 344 1395 401 si
1427 342 1691 402 essetis?
1783 344 2115 403 Caesarine

351 444 485 484 eam
515 426 794 483 tradituri
826 426 1027 483 fuistis
1067 443 1143 481 an
1177 433 1385 482 contra
1414 425 1740 483 Caesarem
1772 423 2114 482 retenturi?

433 509 484 564 8.
532 506 693 563 Vide
723 506 867 581 quid
898 505 1194 574 licentiae,
1228 505 1468 573 Caesar,
1502 505 1678 560 nobis
1707 511 1816 560 tua
1861 506 2117 563 liberali·

352 591 449 642 tas
479 586 581 642 det
615 586 708 642 vel
738 586 941 660 potius
986 585 1310 642 audaciae:
1357 584 1406 640 si
1438 584 1819 658 responderit
1850 584 2113 652 Tubem,

286 668 321 724 5
354 666 647 736 Africam,
700 682 818 740 quo
874 673 1123 722 senatus
1181 682 1318 721 eum
1376 680 1623 738 sorsque
1681 664 1955 735 miserat,
2004 664 2131 721 tibi·

352 753 584 819 patrem
629 762 806 802 suum
834 746 1199 801 traditurum
1228 743 1432 812 fuisse,
1464 761 1582 800 non
1623 743 1923 800 dubitabo
1955 743 2116 818 apud

353 825 555 899 ipsum
585 831 664 894 te,
695 825 863 897 cujus
907 825 968 881 id
997 841 1133 880 eum
1172 824 1363 880 facere
1406 823 1694 891 interfuit,
1727 824 2117 897 gravissimis

355 904 555 961 verbis
597 906 726 977 ejus
767 904 1087 961 consilium
1124 902 1577 978 reprehendere.
1662 902 1806 959 Non
1848 903 2034 972 enim,
2065 903 2114 959 si

353 984 465 1040 tibi
495 1002 568 1040 ea
598 1001 705 1046 res,
735 991 913 1057 grata
942 983 1177 1053 fuisset,
1208 988 1370 1039 esset
1393 983 1588 1038 etiam
1629 981 1905 1056 probata.
1996 982 2115 1040 Sed

253 1065 324 1120 10
358 1065 485 1136 jam
530 1063 644 1121 hoc
685 1069 881 1119 totum
926 1063 1157 1131 omitt0,
1191 1079 1312 1118 non
1341 1069 1470 1118 tam
1505 1079 1579 1118 ne
1626 1061 1931 1118 offendam
1978 1067 2116 1119 tuas

354 1142 829 1216 patientissimas
875 1160 1067 1212 aures,
1098 1159 1280 1217 quam
1331 1159 1407 1198 ne
1451 1141 1686 1198 Tubero
1730 1141 1897 1215 quod
1950 1158 2120 1197 num-

356 1239 537 1295 quam
566 1222 860 1296 cogitavit
881 1223 1149 1279 facturus
1172 1222 1361 1278 fuisse
1391 1220 1683 1277 videatur.
1746 1219 2117 1278 Veniebatis

354 1301 542 1375 igitur
588 1302 652 1358 in
701 1301 992 1372 Africam,
1042 1300 1415 1375 provinciam
1471 1318 1654 1357 unam
1703 1315 1784 1356 ex
1830 1301 2117 1357 omnibus

356 1379 494 1438 huic
543 1381 835 1438 victoriae
884 1381 1143 1438 maxime
1201 1379 1496 1450 infestam,
1547 1380 1612 1436 in
1658 1396 1781 1453 qua
1828 1385 1966 1436 erat
2014 1396 2120 1437 rex

253 1461 324 1517 15
353 1461 812 1533 potentissimus
840 1460 1117 1517 inimicus
1150 1459 1290 1518 huic
1319 1477 1557 1529 causae,
1583 1458 1781 1516 aliena
1804 1460 2114 1528 voluntaS,

357 1547 692 1597 conventus
722 1539 875 1596 firmi
905 1545 1086 1615 atque
1124 1539 1348 1613 magni.
1436 1539 1689 1611 Quaem,
1723 1538 1867 1612 quid
1898 1538 2118 1596 facturi

356 1617 602 1676 fuistis?
691 1619 1073 1694 Quamquam
1117 1619 1262 1693 quid
1293 1618 1505 1675 facturi
1543 1618 1778 1674 fueritis
1821 1618 2115 1689 dubitem,

357 1715 492 1755 cum
524 1699 761 1756 videam
794 1700 936 1773 quid
967 1696 1271 1756 feceritis?
1356 1697 1657 1756 Prohibiti
1686 1697 1837 1754 estis
1879 1698 1945 1754 in
1987 1715 2119 1772 pro-

357 1778 562 1835 vincia
592 1785 796 1835 vestra
836 1779 1049 1853 pedem
1089 1795 1310 1853 ponere
1340 1783 1403 1836 et
1429 1777 1717 1852 prohibiti
1761 1793 2005 1834 summa
2034 1778 2120 1833 in-

251 1860 326 1917 20
361 1858 540 1930 juria.
627 1858 760 1930 Quo
803 1859 982 1914 modo
1026 1858 1087 1915 id
1136 1856 1409 1914 tulistis?
1493 1857 1801 1931 Acceptae
1860 1856 2118 1931 injuriae

358 1936 661 2011 querelam
719 1937 795 1994 ad
853 1956 1032 2011 quem
1090 1934 1441 1993 detulistis?
1469 1917 1759 2010 ssNempe
1818 1936 1899 1993 ad
1956 1954 2116 2006 eum,

358 2019 525 2092 cujus
569 2018 991 2073 auctoritatem
1033 2016 1223 2073 secuti
1268 2017 1329 2072 in
1374 2015 1725 2073 societatem
1766 2014 1912 2072 belli
1943 2034 2120 2073 vene-

357 2098 523 2155 ratis.
599 2097 774 2168 Quod
805 2097 855 2152 si
889 2097 1172 2155 Caesaris
1202 2113 1387 2153 causa
1418 2095 1480 2151 in
1512 2096 1884 2170 provinciam
1920 2096 2121 2152 venie-

356 2176 533 2244 batis,
567 2176 642 2232 ad
684 2193 821 2232 eum
852 2177 1120 2251 profecto
1150 2175 1375 2233 exclusi
1412 2175 1723 2250 provincia
1751 2175 2117 2233 venissetis:

252 2257 326 2315 25
358 2256 614 2312 venistis
656 2255 732 2312 ad
780 2255 1154 2330 Pompeium.
1230 2256 1398 2327 Quae
1443 2261 1538 2312 est
1581 2272 1725 2328 ergo
1772 2254 1939 2328 apud
1972 2255 2121 2313 Cae-

357 2352 552 2391 sarem
584 2335 844 2408 querela,
877 2353 1013 2392 cum
1044 2352 1179 2392 eum
1214 2334 1529 2404 accusetis,
1558 2352 1594 2391 a
1626 2351 1745 2409 quo
1776 2334 2118 2408 queramini

355 2415 697 2490 prohibitos
726 2431 857 2471 esse
883 2433 992 2472 vos
1022 2421 1233 2471 contra
1257 2414 1579 2471 Caesarem
1610 2431 1816 2488 gerere
1840 2411 2117 2472 bellum?

356 2496 561 2569 Atque
604 2493 667 2550 in
711 2493 824 2551 hoc
865 2495 1109 2568 quidem
1140 2494 1237 2550 vel
1280 2511 1416 2550 cum
1458 2493 1787 2562 mendaciO,
1822 2493 1876 2550 si
1907 2494 2116 2563 vultiS,

359 2573 698 2648 gloriemini
727 2591 835 2648 per
873 2592 969 2630 me
1012 2574 1169 2644 licet,
1202 2590 1313 2629 vos
1345 2573 1719 2648 provinciam
1749 2572 1940 2629 fuisse
1974 2572 2121 2630 an-

252 2658 328 2714 30
360 2653 482 2710 sari
525 2654 871 2711 tradituros
946 2652 1152 2711 Etiam
1197 2652 1250 2709 si
1296 2671 1331 2709 a
1362 2652 1527 2709 Varo
1569 2658 1633 2710 et
1675 2670 1711 2709 a
1747 2652 2119 2726 quibusdam

362 2734 497 2790 aliis
523 2731 812 2808 prohibiti
841 2732 1009 2802 estiS,
1033 2750 1147 2807 ego
1170 2736 1375 2788 tamen
1404 2730 1691 2789 confiteor
1711 2731 1949 2806 culpam
1982 2748 2118 2789 esse

359 2812 614 2886 Ligarii,
645 2811 749 2887 qui
780 2829 890 2869 vos
920 2816 1125 2868 tantae
1154 2811 1352 2868 laudis
1382 2811 1692 2869 occasione
1720 2811 2074 2886 privaverit.

440 2895 489 2949 9.
538 2890 656 2948 Sed
708 2891 864 2960 vide,
910 2905 1151 2965 quaes0,
1199 2890 1440 2960 Caesar,
1485 2890 1885 2947 constantiam
1950 2908 2122 2948 orna-

355 2971 582 3028 tissimi
625 2970 738 3026 viri
786 2967 1212 3047 [Tuberonis]
1257 2987 1437 3044 quam
1487 2987 1621 3044 eg0,
1666 2969 1948 3044 quamvis
1990 2970 2118 3044 ipse

252 3053 326 3110 35
357 3050 688 3125 probarem,
740 3059 807 3105 ut
860 3050 1064 3122 probo,
1124 3055 1329 3105 tamen
1386 3066 1505 3105 non
1561 3066 2117 3120 commemorarem,

340 3130 477 3184 nisi
510 3146 545 3184 a
567 3135 626 3183 te
657 3128 1079 3200 cognovissem
1104 3128 1163 3183 in
1195 3128 1410 3202 primis
1439 3146 1572 3185 eam
1599 3128 1891 3186 virtutem
1924 3130 2120 3185 solere

359 3205 610 3259 laudari.
699 3205 868 3274 Quae
913 3205 1029 3264 fuit
1067 3205 1256 3277 igitur
1285 3224 1570 3281 umquam
1609 3206 1672 3263 in
1702 3207 1826 3264 ullo
1870 3206 2120 3265 homine

359 3287 534 3335 tanta
575 3279 956 3336 constantia?
1042 3281 1467 3341 Constantiam
1509 3284 1688 3344 dico?
1772 3285 2001 3344 Nescio
2043 3304 2120 3345 an

362 3355 579 3410 melius
639 3357 999 3427 patientiam
1056 3361 1286 3432 possim
1343 3362 1555 3422 dicere.
1614 3359 1621 3365 ’
1660 3364 1903 3438 Quotus
1960 3366 2122 3425 enim
