2284 3717
418 168 512 213 DE
563 167 882 215 IMPERIO
935 168 1051 216 ΟΝ.
1085 169 1399 214 ΡΟΜΡΕΙΙ
1454 169 1755 218 ORATIO.
1932 155 2014 221 75

143 330 507 398 gesserunt3
548 330 811 397 aguntur
833 325 1173 382 certissima
1201 325 1408 400 populi
1438 326 1700 383 Romani
1727 327 1904 384 vecti-

143 405 312 477 galia
341 411 404 461 et
433 406 717 475 maxima,
749 406 967 479 quibus
997 405 1236 461 amissis
1266 413 1328 461 et
1355 407 1521 479 pacis
1552 414 1908 464 ornamenta

143 492 205 540 et
229 484 508 541 subsidia
532 485 673 540 belli
702 485 1020 559 requiretis
1042 505 1056 557 ;
1102 494 1368 558 aguntur
1391 486 1547 541 bona
1576 486 1920 544 multorum.

144 563 393 633 civium,
419 565 640 639 quibus
669 571 763 620 est
793 582 828 620 a
858 564 1033 621 vobis
1055 570 1117 620 et
1142 565 1411 639 ipsorum
1432 574 1494 622 et
1516 566 1602 621 rei
1631 567 1905 640 publicae

144 660 337 698 causa
366 643 823 700 consulendum.
980 665 993 676 ·
1977 647 2011 704 5

227 725 280 778 3.
331 722 414 778 Et
443 724 727 797 quoniam
760 740 995 797 semper
1023 728 1379 797 appetentes
1412 723 1642 797 gloriae
1671 730 1909 798 praeter

145 807 382 857 ceteras
412 811 625 875 gentes
657 809 837 876 atque
869 803 1027 858 avidi
1062 803 1261 859 laudis
1284 803 1504 871 fuistiS,
1529 803 1785 860 delenda
1813 811 1909 861 est

146 881 328 936 vobis
376 881 479 937 illa
509 883 745 938 macula
790 882 1208 939 Mithridatico
1244 882 1396 938 bello
1441 884 1745 956 superiore
1775 901 1909 938 con-

145 965 341 1034 cepta,
373 979 526 1034 quae
555 962 797 1035 penitus
817 963 943 1034 jam
977 962 1198 1018 insedit
1227 979 1294 1017 ac
1323 962 1506 1018 nimis
1545 962 1906 1019 inveteravit

143 1039 208 1095 in
236 1041 447 1114 populi
481 1040 743 1097 Romani
771 1042 1027 1109 nomine,
1059 1041 1221 1115 quod
1262 1041 1331 1110 is,
1366 1040 1469 1115 qui
1500 1059 1618 1098 uno
1648 1042 1745 1098 die
1776 1047 1908 1098 tota
1938 1044 2012 1099 10

145 1118 210 1174 in
254 1119 432 1189 Asia,
475 1125 569 1176 tot
613 1121 672 1176 in
721 1120 1087 1188 civitatibuS,
1134 1138 1254 1175 uno
1300 1121 1512 1177 nuntio
1556 1126 1735 1195 atque
1785 1138 1908 1177 una

146 1197 590 1271 significatione
635 1200 972 1255 litterarum
1019 1200 1184 1256 cives
1235 1199 1550 1256 Romanos
1606 1200 1907 1257 necandos

146 1277 663 1352 trucidandosque
695 1279 1024 1347 denotavit,
1050 1296 1170 1335 non
1201 1279 1379 1334 modo
1410 1279 1607 1335 adhuc
1648 1297 1907 1353 poenam

145 1357 380 1413 nullam
410 1374 521 1414 suo
550 1358 796 1431 dignam
828 1357 1047 1414 scelere
1078 1358 1358 1432 suscepit,
1388 1358 1494 1414 sed
1525 1358 1599 1415 ab
1631 1359 1733 1415 illo
1762 1363 1910 1415 tem-

144 1453 292 1510 pore
324 1454 553 1493 annum
585 1439 711 1510 jam
739 1438 982 1494 tertium
1015 1443 1077 1493 et
1105 1437 1457 1493 vicesimum
1487 1444 1701 1511 regnat
1730 1444 1793 1494 et
1820 1438 1908 1494 ita
1938 1440 2011 1496 15

145 1523 384 1589 regnat,
419 1522 486 1572 ut
515 1533 578 1572 se
609 1534 727 1573 non
759 1517 942 1573 Ponti
972 1534 1166 1591 neque
1199 1516 1620 1590 Cappadociae
1660 1517 1907 1573 latebris

147 1596 457 1652 occultare
484 1595 650 1664 velit,
683 1596 788 1653 sed
829 1613 1132 1669 emergere
1164 1613 1238 1651 ex
1268 1596 1467 1669 patrio
1497 1614 1683 1669 regno
1726 1605 1904 1671 atque

145 1673 208 1731 in
232 1675 458 1731 vestris
480 1675 898 1749 vectigalibus
921 1674 1034 1732 hoc
1056 1682 1167 1743 est,
1192 1675 1254 1731 in
1279 1675 1467 1732 Asiae
1498 1675 1628 1731 luce
1655 1676 1898 1732 versari.

146 1753 397 1811 Etenim
427 1754 624 1812 adhuc
654 1755 740 1811 ita
769 1755 960 1811 nost-ri
991 1772 1125 1811 cum
1169 1754 1272 1810 illo
1302 1772 1441 1828 rege
1472 1755 1907 1811 contenderunt

145 1832 564 1908 imperatoreS,
589 1838 657 1890 ut
686 1835 761 1890 ab
792 1834 897 1890 illo
931 1833 1200 1905 insignia
1234 1835 1536 1902 victoriae,
1569 1852 1688 1890 non
1719 1835 1905 1890 victo·
1936 1833 2012 1892 20

145 1912 303 1969 riam
329 1918 742 1987 reportarent:
778 1913 1178 1987 triumphavit
1203 1913 1272 1970 L.
1297 1912 1483 1982 Sulla,
1508 1912 1908 1987 triumphavit

147 1991 219 2050 L.
264 1991 529 2048 Murena
578 1993 650 2050 de
708 1992 1086 2061 Mithridate,
1138 1992 1258 2049 duo
1315 1993 1627 2049 fortissimi
1678 1993 1791 2048 viri
1846 1998 1908 2048 et

145 2071 378 2128 summi
426 2070 833 2145 imperatoreS,
882 2073 989 2128 sed
1038 2072 1124 2127 ita
1173 2072 1643 2145 triumpharunt,
1689 2077 1758 2127 ut
1807 2071 1906 2128 ille

144 2151 365 2225 pulsus
408 2157 847 2226 superatusque
891 2155 1187 2225 regnaret.
1275 2150 1505 2207 Verum
1541 2145 1746 2207 tamen
1787 2150 1907 2207 illis

145 2231 621 2305 imperatoribus
686 2231 819 2287 laus
875 2237 970 2287 est
1024 2229 1350 2286 tribuenda
1406 2230 1567 2303 quod
1635 2236 1903 2304 egerunt,
1937 2231 2009 2288 25

145 2310 329 2366 venia
361 2309 565 2365 danda
588 2311 749 2383 quod
784 2309 1170 2384 reliquerunt,
1195 2316 1515 2383 propterea
1541 2311 1701 2383 quod
1732 2311 1806 2366 ab
1836 2327 1907 2366 eo

145 2390 306 2447 bello
340 2387 573 2445 Sullam
604 2390 666 2445 in
695 2389 942 2445 Italiam
972 2407 1068 2446 res
1097 2389 1358 2462 publica,
1391 2388 1708 2445 Murenam
1739 2388 1909 2447 Sulla

146 2467 481 2526 revocavit.

225 2552 279 2606 4.
327 2546 727 2604 Mithridates
756 2552 957 2604 autem
989 2564 1164 2603 omne
1193 2546 1487 2620 reliquum
1517 2551 1757 2622 tempus
1785 2565 1908 2604 non

149 2628 225 2685 ad
270 2626 643 2685 oblivionem
672 2627 893 2683 veteris
934 2626 1093 2695 belli,
1126 2627 1234 2683 sed
1278 2626 1354 2682 ad
1397 2628 1906 2701 comparationem
1934 2631 2012 2687 30

150 2708 293 2763 novi
324 2706 620 2776 contulit3
662 2706 766 2779 qui
794 2711 1008 2780 postea
1035 2724 1170 2762 cum
1202 2705 1499 2762 maximas
1528 2706 1908 2763 aedificasset

150 2791 548 2860 ornassetque
578 2785 805 2842 classes
834 2785 1246 2860 exercitusque
1278 2802 1639 2859 permagnos
1668 2787 1909 2860 quibus-

149 2883 407 2941 cumque
451 2881 527 2920 ex
568 2864 854 2937 gentibus
905 2865 1209 2938 potuisset
1256 2870 1669 2937 comparasset
1722 2874 1784 2922 et
1841 2882 1905 2922 se

151 2943 531 3019 Bosporanis
566 2943 837 3000 finitimis
881 2944 1008 2999 suis
1053 2943 1274 3000 bellum
1317 2943 1532 3000 inferre
1576 2944 1905 3013 simularet,

150 3041 341 3098 usque
371 3024 434 3079 in
467 3022 833 3098 Hispaniam
863 3022 1100 3097 legatos
1144 3041 1212 3080 ac
1242 3022 1475 3079 litteras
1503 3024 1670 3080 misit
1700 3025 1774 3080 ad
1804 3041 1908 3079 eos
1938 3024 2011 3080 35

151 3102 350 3172 duceS,
383 3102 748 3177 quibuscum
793 3107 922 3157 tum
964 3102 1188 3158 bellum
1233 3103 1608 3175 gerebamuS‚
1657 3108 1737 3169 ut,
1772 3120 1907 3158 cum

153 3182 388 3239 duobus
431 3181 492 3236 in
534 3181 683 3238 locis
712 3181 1201 3254 disiunctissimis
1244 3180 1621 3254 maximeque
1652 3180 1908 3237 diversis

152 3278 273 3317 uno
317 3260 571 3317 consilio
623 3278 659 3316 a
705 3260 862 3316 binis
912 3260 1181 3318 hostium
1223 3260 1414 3333 copiis
1462 3260 1692 3328 ,bellum
1749 3263 1911 3313 terra

153 3340 422 3415 marique
451 3344 777 3414 gereretur,
810 3357 920 3397 vos
958 3339 1207 3414 ancipiti
1237 3338 1619 3397 contentione
1649 3335 1907 3393 districti
