2284 3717
393 172 490 218 mr.
540 173 860 220 mrmuo
913 173 1029 223 cN.
1062 174 1381 222 Pournn
1432 174 1734 222 omnmo.
1912 160 1999 226 85

126 328 252 402 Qui
282 329 556 387 nondum
584 331 946 407 tempestivo
975 330 1054 389 ad
1096 331 1514 406 navigandum
1550 331 1700 389 mari
1746 331 1894 391 Sici·

127 408 277 467 liam
307 410 481 478 adiit,
515 410 792 467 Africam
820 412 1174 487 exploravit,
1199 412 1337 469 inde
1385 411 1726 470 Sardiniam
1756 431 1892 470 cum

127 489 329 545 classe
372 490 542 546 venit
583 496 765 565 atque
827 491 973 548 haec
1013 492 1135 548 tria
1177 492 1569 548 frumentaria
1618 492 1892 549 subsidia

127 568 219 625 rei
249 569 527 643 publicae
556 569 916 628 firmissimis
956 571 1277 647 praesidiis
1313 571 1724 645 classibusque
1768 590 1894 628 mu-

128 647 330 719 nivit3
382 648 524 705 inde
568 667 705 706 cum
752 667 816 707 se
865 650 926 708 in
972 651 1218 708 Italiam
1262 651 1605 726 recepisset,
1652 651 1891 709 duabus
1959 651 1993 709 5

131 724 459 802 Hispaniis
500 734 564 786 et
598 728 801 788 Gallia
839 730 1217 805 transalpina
1254 730 1574 805 praesidiis
1617 748 1686 787 ac
1729 732 1893 787 navi-

129 805 248 862 bus
270 806 643 879 confirmata,
668 809 874 867 missis
903 810 1049 867 item
1079 811 1141 867 in
1165 826 1334 866 oram
1361 809 1591 885 Illyrici
1621 810 1804 866 marIs
1828 817 1891 868 et

40 927 45 934 .
129 883 195 941 in
242 885 546 944 Achaiam
590 905 947 964 omnemque
994 889 1311 949 Graeciam
1361 889 1619 946 navibus
1673 889 1891 947 Italiae

128 964 256 1021 duo
285 968 477 1023 maria
505 967 789 1025 maximis
816 969 1112 1026 classibus
1154 968 1631 1044 firmissimisque
1672 970 1892 1043 praesi-

127 1043 253 1100 diis
300 1045 641 1118 adornavit,
680 1048 812 1122 ipse
859 1056 1066 1106 autem
1107 1054 1178 1105 ut
1223 1049 1544 1106 Brundisio
1586 1049 1893 1123 profectus
1925 1049 1997 1108 10

126 1129 245 1193 est,
304 1126 967 1203 undequinquagesimo
1024 1129 1121 1186 die
1182 1133 1377 1185 totam
1433 1129 1508 1185 ad
1572 1128 1889 1202 imperium

127 1203 342 1279 populi
405 1205 677 1263 'Romani
747 1208 1024 1266 Ciliciam
1089 1208 1408 1281 ‚adjunxit3
1490 1224 1713 1277 omnes
1786 1206 1890 1281 qui

129 1282 356 1357 ubique
386 1285 722 1358 praedones
750 1287 1006 1358 fuerunt,
1032 1288 1253 1362 partim
1283 1287 1444 1363 capti
1473 1286 1888 1361 interfectique

128 1368 295 1431 sunt,
327 1365 553 1437 partim
580 1366 763 1424 unius
793 1366 970 1441 hujus
1004 1385 1068 1424 se
1098 1368 1348 1442 imperio
1378 1384 1446 1424 ac
1475 1366 1766 1441 potestati
1794 1367 1891 1422 de·

128 1441 461 1516 diderunt;
519 1444 680 1502 idem
733 1445 1143 1517 Cretensibus,
1185 1464 1323 1503 cum
1373 1446 1450 1503 ad
1505 1464 1643 1503 eum
1699 1462 1889 1520 usque
1921 1446 1993 1504 15

128 1519 192 1577 in
236 1520 668 1598 Pamphyliam
713 1525 952 1600 legatos
990 1527 1521 1601 deprecatoresque
1557 1525 1886 1594 misissent,

129 1616 302 1674 spem
345 1601 672 1661 deditionis
720 1623 840 1663 non
882 1606 1111 1663 ademit
1146 1605 1505 1679 obsidesque
1548 1605 1885 1678 imperavit.

130 1679 231 1736 Ita
271 1686 518 1739 tantum
558 1684 801 1758 bellum,
838 1691 967 1742 tam
1010 1685 1382 1756 diuturnum,
1414 1690 1543 1741 tam
1584 1684 1762 1759 longe
1803 1684 1888 1741 la-

131 1763 310 1833 teque
335 1761 689 1837 dispersum,
714 1782 834 1840 quo
856 1765 1011 1822 bello
1041 1782 1251 1821 omnes
1273 1770 1487 1838 gentes
1518 1781 1587 1821 ac
1612 1764 1889 1821 nationes

130 1840 577 1912 premebantur,
616 1842 724 1902 Gn.
770 1844 1094 1920 Pompeius
1142 1850 1413 1901 extrema
1454 1843 1650 1901 hieme
1708 1862 1888 1918 appa·
1917 1844 1991 1900 20

130 1918 307 1989 ravit,
337 1919 581 1979 ineunte
610 1940 749 1980 vere
787 1924 1070 1998 suscepit,
1102 1924 1301 1981 media
1331 1928 1564 1981 aestate
1593 1923 1865 1981 confecit.

239 1999 332 2056 13.
379 1998 496 2059 Est
537 2000 683 2060 haec
712 2002 921 2061 divina
949 2009 1128 2078 atque
1169 2002 1538 2061 incredibilis
1567 2003 1765 2059 virtus
1807 2003 1913 2058 im·

130 2080 443 2150 potatoris,
484 2109 495 2119 ·
531 2081 692 2154 Quid
740 2090 989 2152 ceterae,
1029 2099 1184 2158 quas
1231 2082 1409 2158 paulo
1454 2087 1594 2138 ante
1637 2099 1890 2138 comme·

132 2172 365 2214 morare
395 2176 723 2233 coeperam,
749 2170 1011 2237 quantae
1034 2169 1213 2236 atque
1236 2179 1417 2237 quam
1446 2162 1672 2218 multae
1701 2158 1884 2219 sunt?

132 2232 274 2292 Non
317 2238 481 2296 enim
525 2240 785 2298 bellandi
815 2243 1011 2299 virtus
1052 2243 1249 2298 solum
1287 2242 1347 2297 in
1391 2258 1626 2297 summo
1665 2258 1733 2297 ac
1760 2257 1886 2315 per·
1915 2241 1988 2299 25

132 2313 289 2372 fecto
339 2318 699 2393 imperatore
750 2322 1091 2396 quaerenda
1138 2327 1251 2391 est,
1300 2321 1406 2377 sed
1464 2320 1687 2377 multae
1743 2326 1886 2377 sunt

130 2399 291 2452 artes
318 2398 577 2456 eximiae
608 2398 784 2474 hujus
813 2402 1203 2459 administrae
1228 2400 1597 2474 comitesque
1620 2400 1878 2457 virtutis.

131 2472 228 2531 Ac
267 2476 533 2548 primum
561 2484 789 2553 quanta
830 2481 1175 2538 innocentia
1203 2479 1421 2536 debent
1462 2496 1593 2536 esse
1634 2479 1886 2555 impera-

129 2556 310 2624 tores,
342 2562 574 2630 quanta
604 2558 818 2616 deinde
857 2560 920 2617 in
950 2560 1230 2617 omnibus
1260 2559 1437 2616 rebus
1466 2559 1879 2632 temperantia,

132 2640 360 2705 quanta
385 2634 517 2705 fide,
539 2644 766 2712 quanta
790 2639 1098 2709 facilitate,
1124 2644 1351 2713 quanto
1375 2637 1635 2712 ingeni0‚
1651 2644 1881 2711 quanta
1910 2640 1986 2695 30

132 2709 553 2774 humanitate?
627 2719 795 2790 Quae
821 2720 1082 2776 breviter
1110 2718 1316 2793 qualia
1344 2717 1549 2774 sintin
1575 2716 1682 2774 Cn.
1708 2718 1883 2775 Pom·

129 2791 263 2865 peio
291 2796 779 2871 consideremus3
824 2816 1061 2856 summa
1097 2798 1262 2855 enim
1303 2797 1507 2853 omnia
1548 2801 1706 2866 sunt,
1740 2797 1883 2870 Qui-

132 2869 293 2941 rites,
338 2873 443 2931 sed
492 2894 565 2932 ea
612 2878 812 2952 magis
859 2895 934 2935 ex
976 2879 1230 2935 aliorum
1273 2875 1653 2933 contentione
1697 2894 1879 2951 quam

132 2947 263 3022 ipsa
282 2970 386 3026 per
408 2971 541 3012 sese
564 2958 846 3030 cognosci
870 2964 1048 3033 atque
1070 2955 1327 3028 intelligi
1355 2963 1625 3029 possunt.
1682 2956 1877 3027 Quem

131 3028 287 3085 enim
322 3031 743 3108 imperatorem
770 3053 1093 3111 possumus
1128 3036 1251 3092 ullo
1280 3036 1343 3090 in
1373 3051 1621 3090 numero
1648 3043 1875 3108 putare,
1908 3034 1983 3091 35

133 3109 299 3180 cujus
350 3112 411 3168 in
461 3115 727 3172 exercitu
769 3117 1141 3173 centuriatus
1184 3123 1446 3172 veneant
1492 3120 1672 3187 atque
1717 3114 1879 3168 veni·

132 3186 327 3246 erint?
411 3192 571 3265 Quid
601 3194 761 3252 hunc
792 3195 1095 3253 hominem
1134 3210 1426 3267 magnum
1471 3199 1577 3249 aut
1607 3190 1876 3264 amplum

133 3263 203 3321 de
234 3282 294 3323 re
322 3271 561 3342 publica
588 3274 871 3347 cogitare,
902 3276 1005 3350 qui
1047 3274 1366 3348 pecuniam
1410 3288 1485 3327 ex
1520 3269 1749 3326 aerario
1779 3260 1876 3323 de-

132 3354 462 3423 promptam
508 3354 588 3410 ad
628 3352 852 3411 bellum
896 3350 1445 3411 administrandum
1491 3352 1594 3402 aut
1630 3351 1877 3417 propter
