2284 3717
239 120 325 187 82
768 144 842 192 M.
874 144 1131 192 runnu
1179 106 1577 193 c1cERoN1s

347 296 619 372 integrae
676 306 907 374 gentes,
958 319 1158 360 novus
1212 304 1540 379 imperator
1598 309 1807 362 noster
1856 303 2117 381 accipiat

348 383 547 437 vetere
589 382 855 439 exercit-u
895 382 1088 457 pulso,

434 460 519 516 10.
569 459 733 517 Satis
775 461 920 518 mihi
968 463 1161 520 multa
1188 464 1376 520 verba
1417 462 1630 519 fecisse
1661 463 1894 531 videor,
1930 481 2116 538 quare

349 545 512 595 esset
541 539 653 596 hoc
683 541 905 596 bellum
936 560 1154 615 genere
1185 543 1317 616 ipso
1355 543 1779 612 necessarium,
1811 543 2114 614 magnitu-

284 641 319 698 5
351 617 490 675 dine
519 620 957 691 periculosum:
988 628 1183 679 restat
1212 628 1278 678 ut
1300 623 1376 679 de
1399 623 1758 696 imperatore
1790 622 1871 678 ad
1904 624 1963 679 id
1997 623 2101 679 bel.

349 698 471 754 lum
504 699 823 772 deligendo
847 718 916 757 ac
937 702 1128 758 tantis
1153 703 1333 758 rebus
1360 701 1758 775 praeficiendo
1789 701 2114 759 dicendum

349 795 484 835 esse
529 779 821 837 videatur.
909 780 1181 851 Utinam,
1230 782 1516 853 Quirites,
1549 782 1820 836 virorum
1828 782 2112 860 'fortium

351 862 535 930 atque
558 858 965 916 innocentium
991 860 1223 934 copiam
1249 867 1484 917 tantam
1516 861 1838 927 haberetis,
1866 866 1937 917 ut
1969 861 2116 917 haec

351 938 526 993 vobis
567 938 920 995 deliberatio
966 939 1221 997 difficilis
1270 946 1446 1009 esset,
1492 958 1816 1014 quemnam
1875 940 2117 1015 potissi-

251 1037 322 1092 10
352 1034 515 1073 mum
547 1019 736 1074 tantis
763 1020 944 1076 rebus
975 1037 1044 1076 ac
1078 1025 1253 1076 tanto
1295 1020 1451 1075 bello
1494 1019 1970 1092 praeficiendum
2011 1037 2117 1092 pu·

351 1097 581 1154 taretis.
666 1097 845 1154 Nunc
871 1116 1010 1155 vero
1040 1117 1176 1156 cum
1207 1100 1287 1155 sit
1314 1116 1471 1155 unus
1498 1098 1606 1156 On.
1635 1098 1984 1173 PompeiuS,
2009 1098 2112 1173 qui

352 1193 471 1233 non
501 1177 680 1234 modo
708 1195 915 1234 eorum
958 1177 1288 1247 hominum,
1320 1178 1422 1252 qui
1453 1195 1614 1234 nunc
1641 1183 1802 1248 sunt,
1834 1178 2112 1251 gloriam,

353 1256 460 1312 sed
501 1256 685 1312 etiam
731 1258 1113 1331 antiquitatis
1153 1258 1501 1314 memoriam
1531 1257 1759 1314 virtute
1791 1258 2112 1332 superarit,

354 1353 509 1408 quae
550 1353 645 1392 res
682 1342 781 1410 est
821 1354 975 1411 quae
1006 1339 1358 1411 cujusquam
1391 1337 1660 1393 animum
1693 1337 1754 1392 in
1788 1337 1902 1394 hac
1932 1354 2116 1394 causa

250 1432 321 1489 15
352 1414 602 1472 dubium
646 1416 838 1473 facere
880 1416 1116 1491 possit?
1205 1416 1338 1491 Ego
1380 1416 1673 1472 enim'sic
1712 1415 2014 1486 existimO,
2051 1417 2114 1475 in

354 1511 589 1551 summo
618 1495 978 1570 imperatore
1009 1501 1297 1571 quattuor
1326 1495 1435 1552 has
1465 1513 1562 1552 res
1590 1496 1791 1552 inesse
1816 1502 2112 1570 oportere,

353 1574 671 1631 scientiam
715 1575 804 1632 rei
846 1575 1150 1647 militariS,
1175 1576 1484 1646 virtutem,
1518 1575 1967 1646 auctoritatem,
1993 1574 2116 1631 feli-

354 1653 622 1736 citatem.

438 1734 590 1805 Quis
621 1732 809 1807 igitur
838 1733 950 1791 hoc
981 1733 1225 1792 homine
1250 1734 1531 1792 scientior
1552 1751 1845 1807 umquam
1870 1738 1980 1791 aut
2000 1734 2116 1791 fuit

248 1826 326 1884 20
356 1817 462 1869 aut
500 1830 633 1870 esse
662 1814 890 1883 debuit,
922 1815 1023 1887 qui
1053 1834 1085 1872 e
1115 1814 1258 1871 ludo
1302 1821 1481 1888 atque
1524 1832 1556 1871 0
1598 1813 1899 1887 pueritiae
1945 1813 2117 1870 disci-

353 1891 538 1965 plinis
587 1893 745 1950 bello
794 1894 1057 1950 maximo
1108 1900 1289 1968 atque
1340 1894 1640 1950 acerrimis
1696 1891 1983 1949 hostibus
2040 1893 2115 1950 ad

353 1973 545 2046 patris
572 1971 896 2030 exercitum
946 1979 1126 2047 atque
1174 1974 1232 2029 in
1281 1973 1529 2030 militiae
1569 1972 1960 2045 disciplinam
1988 1989 2117 2046 pro-

355 2051 549 2110 fectus
588 2058 700 2122 est,
746 2052 847 2126 qui
890 2058 1163 2109 extrema
1202 2052 1463 2125 pueritia
1511 2052 1683 2107 miles
1733 2052 1795 2107 in
1845 2053 2114 2108 exercitu

355 2130 469 2187 fuit
497 2132 716 2188 summi
747 2132 1144 2205 imperatoris,
1170 2132 1413 2189 ineunte
1438 2131 1848 2188 adolescentia
1871 2131 2117 2188 maximi

251 2223 325 2281 25
355 2209 485 2282 ipse
509 2211 807 2268 exercitus
838 2212 1195 2286 imperator;
1225 2211 1326 2286 qui
1356 2212 1597 2284 saepius
1622 2227 1755 2266 cum
1784 2209 1963 2268 hoste
1989 2228 2121 2268 con·

357 2287 507 2347 flixit
533 2307 714 2365 quam
746 2292 1062 2366 quisquam
1089 2308 1223 2347 cum
1256 2290 1496 2347 inimico
1526 2290 1919 2358 concertavit,
1946 2290 2120 2363 plura

356 2366 515 2425 bella
545 2370 738 2443 gessit
765 2388 947 2446 quam
978 2370 1157 2427 ceteri
1201 2369 1494 2442 legerunt,
1527 2369 1728 2442 plnres
1767 2370 2118 2443 provincias

357 2448 611 2507 confecit
640 2468 818 2522 quam
852 2449 955 2505 alii
985 2449 1472 2523 concupiverunt,
1505 2449 1674 2520 cujus
1704 2447 2120 2506 adolescentia

359 2527 435 2584 ad
467 2528 779 2586 scientiam
804 2528 889 2586 rei
920 2528 1203 2584 militaris
1233 2545 1352 2584 non
1384 2527 1595 2584 alienis
1624 2528 1989 2600 praeceptis,
2015 2528 2119 2585 sed

252 2616 327 2672 30
359 2607 486 2665 suis
529 2608 812 2682 imperiis,
857 2624 977 2663 non
1022 2606 1450 2663 offensionibus
1492 2606 1649 2675 belli,
1683 2607 1790 2662 sed
1821 2607 2116 2676 victoriis,

357 2704 477 2743 non
521 2686 857 2761 stipendiis,
904 2685 1008 2742 sed
1059 2686 1389 2759 triumphis
1430 2690 1525 2742 est
1565 2682 1849 2742 erudita?
1940 2686 2120 2759 Quod

357 2765 615 2841 denique
647 2782 840 2838 genus
881 2780 1014 2821 esse
1061 2764 1200 2820 belli
1254 2770 1471 2838 potest,
1503 2764 1565 2819 in
1611 2781 1731 2837 quo
1777 2764 1954 2821 illum
2003 2784 2121 2823 non

357 2846 686 2903 exercuerit
713 2845 957 2901 fortuna
983 2844 1070 2899 rei
1098 2842 1419 2916 publicae?
1492 2843 1702 2911 Civile,
1736 2842 2119 2916 Africanum,

359 2924 840 2998 Transalpinum,
876 2922 1303 2995 Hispaniense,
1340 2922 1626 2998 [mixtum
1662 2939 1736 2977 ex
1765 2922 2123 2981 civitatibus

249 3011 327 3067 35
359 3010 538 3076 atque
568 3020 642 3060 ex
668 3001 1148 3059 bellicosissimis
1191 3000 1590 3075 nationibus]
1628 3001 1863 3070 servile,
1899 3004 2124 3061 navale

357 3082 601 3150 bellum,
633 3081 804 3136 varia
843 3085 905 3135 et
947 3079 1190 3136 diversa
1230 3098 1453 3154 genera
1480 3086 1542 3136 et
1571 3080 1862 3136 bellorum
1893 3087 1960 3138 et
1990 3082 2126 3139 hos-

357 3160 528 3226 tium,
561 3175 681 3213 non
712 3158 907 3213 solum
939 3162 1114 3228 gesta
1157 3159 1233 3213 ab
1282 3159 1393 3215 hoc
1433 3176 1571 3227 un0,
1605 3159 1709 3215 sed
1754 3160 1942 3216 etiam
1990 3180 2125 3218 con-

358 3236 532 3305 fecta,
576 3234 805 3290 nullam
846 3250 972 3289 rem
1021 3251 1156 3290 esse
1207 3236 1517 3294 declarant
1568 3237 1631 3293 in
1680 3255 1796 3294 usu
1845 3240 2124 3312 positam

356 3312 620 3381 militari,
652 3328 806 3384 quae
836 3309 1014 3383 hujus
1043 3312 1163 3367 viri
1193 3313 1507 3372 scientiam
1538 3315 1746 3390 fugere
1775 3318 2000 3391 possit.
