2284 3717
209 116 295 186 88
723 132 799 182 u.
844 132 1104 181 *runnu
1155 130 1554 181 cronssoms

317 290 459 348 orbe
487 293 786 347 terrarum
813 289 1033 347 clarius
1062 286 1217 346 fuit?
1270 289 1461 362 Cujus
1487 304 1583 344 res
1614 290 1824 361 gestae
1852 284 2075 362 pares?

318 369 411 426 De
441 386 561 443 quo
592 368 832 426 homine
855 387 982 439 VOS,
1006 370 1068 426 id
1098 368 1260 443 quod
1288 368 1550 424 maxime
1579 366 1725 423 facit
1754 367 2077 423 auctorita-

315 454 458 516 tem,
483 454 658 505 tanta
678 454 740 505 et
761 454 890 505 tam
911 449 1221 523 praeclara
1238 447 1468 521 judicia
1489 444 1760 504 fecistis?
1804 445 1909 503 An
1929 463 2075 503 vero

315 529 505 585 ullam
548 545 803 603 usquam
842 545 974 584 esse
1004 545 1174 584 oram
1202 533 1332 584 tam
1361 527 1663 583 desertam
1690 525 1924 599 putatis
1955 542 2075 598 quo

251 611 286 666 5
317 625 439 664 non
466 607 629 665 illius
659 608 775 664 diei
806 608 969 664 fama
994 607 1347 682 pervaserit,
1378 623 1513 662 cum
1543 606 1864 662 universus
1891 622 2079 679 popu·

317 687 413 743 lus
444 686 761 743 Romanus
783 688 1001 744 referto
1020 687 1147 743 soro
1169 685 1599 760 completisque
1619 683 1901 741 omnibus
1929 689 2080 740 tcm-

317 766 454 841 plis,
485 783 560 823 ex
587 766 806 841 quibus
835 765 933 823 hic
961 767 1129 823 locus
1171 765 1436 840 conspici
1477 769 1696 839 potest,
1727 781 1916 819 unum
1961 763 2078 819 sibi

320 846 396 902 ad
426 862 740 903 commune
770 846 1039 903 omnium
1082 845 1357 920 gentium
1397 843 1623 900 bellum
1662 842 1770 900 Cn.
1804 842 2080 917 Pompei-

318 942 423 982 um
470 925 896 999 imperatorem
936 921 1329 1001 depoposcit?
1412 924 1629 998 Itaque
1658 926 1727 979 ut
1752 922 1931 996 plura
1957 939 2079 979 non

217 1007 291 1063 10
322 1005 517 1061 dicam
546 1022 737 1079 neque
770 1005 1024 1061 aliorum
1065 1004 1358 1079 exemplis
1399 1003 1743 1060 confirmem
1785 1007 2081 1075 quantum

323 1085 652 1141 auctoritas
695 1083 897 1140 valeat
938 1084 1002 1141 in
1044 1084 1217 1154 bello,
1263 1083 1338 1140 ab
1379 1083 1593 1140 eodem
1638 1081 1745 1140 On.
1791 1081 2081 1156 Pompeio

321 1163 594 1220 omnium
620 1180 816 1219 rerum
845 1163 1226 1237 egregiarum
1266 1162 1542 1237 exempla
1583 1166 1935 1218 sumantur:
1979 1160 2084 1236 qui

323 1260 441 1317 quo
465 1242 560 1299 die
598 1260 634 1299 a
662 1242 837 1300 vobis
871 1243 1177 1301 maritimo
1218 1243 1377 1299 bello
1416 1240 1800 1317 praepositus
1840 1244 1939 1296 est
1979 1241 2087 1297 im·

321 1328 579 1397 perator,
605 1327 778 1379 tanta
799 1328 1044 1397 repente
1066 1323 1274 1379 vilitas
1305 1338 1577 1378 annonae
1599 1337 1674 1376 ex
1704 1337 1945 1377 summa
1965 1320 2089 1377 ino-

220 1404 293 1461 15
323 1401 427 1475 pia
454 1406 518 1457 et
545 1402 798 1459 caritate
826 1402 910 1458 rei
939 1401 1371 1459 frumentariae
1400 1406 1725 1457 consecuta
1765 1404 1862 1455 est
1903 1400 2089 1456 unius

302 1480 587 1539 ‘hominis
618 1498 721 1556 spe
747 1499 814 1539 ac
838 1482 1094 1551 nomine,
1121 1486 1413 1556 quantam
1434 1480 1540 1537 vix
1566 1480 1630 1535 in
1653 1492 1895 1536 summa
1916 1480 2091 1536 uber-

324 1565 449 1617 tate
481 1578 766 1635 agrorum
803 1561 1094 1618 diuturna
1123 1578 1244 1635 pax
1270 1559 1495 1617 efficere
1537 1559 1855 1633 potuisset.
1941 1559 1985 1617 J
1990 1575 2090 1615 am

327 1646 574 1714 accepta
613 1640 678 1696 in
722 1640 919 1697 Ponto
962 1640 1306 1696 calamitate
1348 1657 1424 1696 ex
1463 1656 1535 1695 eo
1575 1637 1822 1713 proeli0‚
1856 1638 1930 1695 de
1970 1655 2091 1713 quo

335 1737 444 1776 vos
471 1719 651 1794 paulo
683 1725 821 1776 ante
849 1719 1080 1776 invitus
1111 1719 1414 1789 admonui,
1446 1735 1582 1775 cum
1626 1718 1774 1775 socii
1805 1719 2096 1792 pertimu-

223 1802 298 1858 20
328 1798 538 1868 issent,
569 1798 840 1855 hostium
881 1815 1026 1872 opes
1067 1798 1370 1873 animique
1414 1798 1762 1866 crevissent,
1805 1797 1960 1854 satis
2001 1796 2096 1853 fir-

324 1896 491 1934 mum
519 1878 888 1952 praesidium
917 1878 1229 1953 provincia
1268 1896 1390 1934 non
1434 1876 1698 1946 haberet,
1730 1876 2095 1934 amisissetis

330 1956 568 2028 Asiam,
603 1958 887 2030 Quirites,
919 1958 1036 2013 nisi
1079 1958 1158 2014 ad
1199 1957 1401 2031 ipsum
1442 1957 1762 2013 discrimen
1791 1957 1920 2029 ejus
1950 1962 2099 2013 tem-

333 2037 497 2110 poris
527 2037 821 2094 divinitus
853 2037 960 2095 On.
995 2037 1351 2111 Pompeium
1394 2036 1471 2093 ad
1512 2053 1618 2092 eas
1658 2035 1942 2108 regiones
1984 2035 2099 2092 for-

326 2120 478 2172 tuna
506 2116 711 2190 populi
743 2116 1007 2173 Romani
1039 2116 1363 2173 attulisset.
1451 2114 1655 2188 Hujus
1698 2114 2001 2172 adventus
2034 2121 2098 2173 et

225 2197 298 2253 25
331 2194 753 2252 Mithridatem
776 2196 1024 2252 insolita
1045 2194 1491 2252 inflammatum
1518 2194 1770 2252 victoria
1792 2195 2099 2252 continuit

329 2280 393 2331 et
421 2275 746 2348 Tigranem
774 2276 1015 2349 magnis
1044 2275 1233 2350 copiis
1262 2274 1650 2331 minitantem
1680 2273 1871 2331 Asiae
1914 2280 2100 2331 retar-

332 2353 518 2411 davit.
595 2353 679 2410 Et
706 2354 1022 2429 quisquam
1056 2354 1361 2410 dubitabit
1387 2353 1530 2427 quid
1553 2354 1779 2410 virtute
1808 2353 2101 2427 perfectu·

304 2485 307 2490 .
329 2450 433 2489 rus
463 2434 542 2490 sit
565 2433 666 2507 qui
688 2438 926 2491 tantum
953 2434 1310 2491 auctoritate
1332 2431 1689 2507 perfecerit?
1757 2432 1890 2489 Aut
1913 2451 2097 2507 quam

332 2513 504 2569 facile
527 2513 781 2587 imperio
807 2519 987 2588 atque
1009 2513 1276 2569 exercitu
1300 2513 1495 2569 socios
1524 2517 1588 2569 et
1610 2511 1941 2585 vectigalia
1964 2530 2101 2570 con-

229 2594 306 2650 30
337 2597 690 2649 servaturus
715 2593 795 2649 sit
819 2593 920 2667 qui
944 2592 1075 2666 ipso
1099 2592 1341 2649 nomine
1365 2610 1434 2649 ac
1454 2608 1692 2648 rumore
1716 2590 2097 2649 defenderit?

419 2675 511 2729 16.
558 2671 695 2745 Age
726 2689 885 2740 vero,
918 2671 1025 2727 illa
1065 2688 1162 2728 res
1205 2676 1495 2745 quantam
1528 2671 1798 2727 declarat
1824 2671 2099 2743 ejusdem

334 2749 597 2807 hominis
634 2752 792 2825 apud
834 2750 1043 2807 hostes
1084 2751 1293 2826 populi
1338 2750 1605 2807 Romani
1649 2752 2099 2821 auctoritatem,

333 2831 494 2904 quod
525 2848 598 2886 ex
627 2830 774 2887 locis
802 2836 930 2886 tam
971 2830 1320 2904 longinquis
1364 2835 1612 2903 tamque
1658 2829 1920 2886 diversis
1966 2835 2098 2886 tam

334 2910 501 2965 brevi
531 2915 802 2982 tempore
826 2927 1035 2966 omnes
1066 2909 1203 2965 huic
1226 2927 1290 2966 se
1321 2910 1425 2965 uni
1454 2907 1860 2966 dediderunt?
1920 2909 2100 2981 Quod

231 2991 305 3047 35
340 2989 722 3046 Cretensium
760 2987 966 3061 legati,
998 3006 1133 3044 cum
1164 2988 1227 3044 in
1255 3005 1461 3045 eorum
1503 2989 1704 3044 insula
1746 2993 1954 3044 noster
1995 2988 2101 3044 im-

337 3075 578 3140 perator
620 3068 1033 3141 exercitusque
1068 3073 1250 3137 esset,
1283 3068 1358 3123 ad
1391 3068 1497 3125 Cn.
1535 3068 1890 3141 Pompeium
1923 3067 1986 3123 in
2014 3068 2101 3123 ul·

332 3145 517 3202 timas
544 3163 731 3220 prope
759 3151 952 3203 terras
981 3153 1279 3204 venerunt
1306 3148 1482 3222 eique
1513 3164 1577 3203 se
1607 3164 1817 3203 omnes
1849 3146 2098 3204 Creten·

336 3224 489 3281 sium
515 3225 796 3280 civitates
827 3226 1041 3282 dedere
1065 3226 1221 3282 velle
1252 3224 1572 3284 dixerunt?
1645 3223 1853 3299 Quid?
1923 3224 2098 3282 Idem

336 3300 451 3357 iste
495 3302 885 3361 Mithridates
925 3322 1143 3382 nonne
1169 3305 1245 3363 ad
1286 3307 1545 3364 eundem
1591 3306 1702 3365 On.
1735 3303 2096 3379 Pompeium
