2284 3717
590 121 678 168 IN
732 122 796 168 L.
831 122 1254 169 CATILINAM
1302 122 1580 170 onA‘no
1629 122 1676 169 1.
1983 107 2063 169 19

175 297 244 338 ac
274 280 656 337 necessariis
687 277 1027 336 salutavit?
1103 278 1170 336 Si
1202 279 1315 336 hoc
1345 285 1483 354 post
1507 278 1816 336 hominum
1839 296 1960 336 me-

175 362 431 418 moriam
480 360 751 433 contigit
798 358 1039 429 nemini,
1082 359 1252 416 vocis
1296 367 1613 433 exspectas
1658 366 1955 416 contume-

174 437 340 508 liam,
375 458 521 497 cum
567 440 657 495 sis
702 439 1068 512 gravissimo
1103 438 1335 512 judicio
1376 439 1814 496 taciturnitatis
1857 456 1958 513 op-
2025 505 2034 513 ,

175 518 476 592 pressus?
569 519 752 591 Quid,
799 519 959 593 quod
1017 519 1286 575 adventu
1329 527 1433 576 tuo
1486 518 1606 575 ista
1663 517 1955 575 subsellia

179 600 545 656 vacuefacta
595 605 758 666 sunt,
804 598 966 671 quod
1023 616 1235 654 omnes
1284 598 1648 668 consulareS‚
1693 599 1796 673 qui
1839 598 1954 655 tibi
2023 597 2059 654 5

174 694 469 753 persaepe
516 678 594 734 ad
635 677 879 734 caedem
909 678 1225 734 constituti
1258 678 1519 747 fuerunt,
1552 678 1729 734 simul
1770 684 1952 752 atque

176 757 500 827 adsedisti,
534 771 773 831 partem
816 757 996 813 istam
1042 757 1466 814 subselliorum
1505 758 1730 813 nudam
1770 767 1952 831 atque

174 836 425 894 inanem
446 837 845 911 reliquerunt,
868 855 986 910 quo
1012 837 1258 893 tandem
1285 837 1488 893 animo
1508 837 1616 894 tibi
1641 837 1954 894 ferendum

173 915 401 988 putas?
467 917 646 974 Servi
676 915 1012 973 mehercule
1038 917 1155 973 mei
1187 917 1242 973 si
1264 934 1357 973 me
1382 917 1501 972 isto
1531 923 1707 990 pacto
1731 923 1955 973 metue-

174 1005 326 1066 rent,
361 1002 434 1053 ut
465 1004 533 1053 te
562 1002 845 1052 metuunt
873 1013 1084 1056 omnes
1124 997 1288 1052 cives
1331 995 1437 1064 tui,
1469 996 1715 1052 domum
1757 1014 1954 1053 meam
1987 996 2058 1053 10

173 1075 642 1151 relinquendam
681 1081 993 1148 putarem:
1045 1081 1115 1132 tu
1154 1076 1265 1131 tibi
1307 1076 1515 1132 urbem
1554 1093 1674 1132 non
1706 1076 1954 1132 arbitra-

174 1153 306 1211 ris?
384 1156 490 1224 Et,
528 1155 579 1211 si
610 1172 704 1210 me
736 1155 886 1211 meis
915 1155 1152 1212 civibus
1186 1155 1405 1228 injuria
1434 1163 1783 1229 suspectum
1824 1161 1952 1212 tam

173 1235 458 1307 graviter
492 1243 675 1308 atque
706 1233 997 1291 offensum
1028 1235 1311 1304 viderem,
1343 1252 1542 1292 carere
1573 1253 1668 1292 me
1700 1243 1951 1311 aspectu

174 1314 424 1382 civium,
459 1332 646 1388 quam
678 1313 912 1371 infestis
957 1315 1225 1371 omnium
1261 1315 1452 1372 oculis
1497 1315 1761 1390 conspici
1810 1316 1953 1371 mal-

172 1392 327 1452 lem:
375 1401 467 1464 ta,
495 1411 630 1450 cum
663 1394 1029 1451 conscientia
1059 1395 1352 1451 scelerum
1381 1400 1624 1451 tuorum
1650 1412 1950 1468 agnoscas
1984 1393 2055 1449 15

173 1473 386 1531 odium
419 1474 695 1531 omnium
727 1474 967 1547 justum
994 1479 1058 1531 et
1091 1475 1221 1547 jam
1254 1474 1358 1530 diu
1387 1474 1495 1531 tibi
1527 1475 1814 1542 debitum,
1846 1475 1950 1532 du-

172 1551 355 1623 bitas,
405 1570 666 1628 quorum
722 1560 955 1610 mentes
1012 1570 1346 1627 sensusque
1394 1554 1692 1623 vulneraS,
1738 1571 1948 1610 eorum

175 1639 499 1708 aspectum
549 1632 1076 1708 praesentiamque
1122 1630 1359 1690 vita-re?
1446 1632 1510 1690 Si
1552 1640 1612 1691 te
1667 1641 1949 1709 parentes

172 1713 471 1770 timerent
516 1719 698 1787 atque
745 1713 1016 1770 odissent
1045 1714 1134 1769 tui
1182 1731 1371 1787 neque
1401 1730 1506 1770 eos
1554 1713 1678 1769 ulla
1713 1714 1947 1770 ratione

173 1791 420 1867 placare
463 1810 695 1866 posses,
737 1798 822 1862 tu,
867 1792 1094 1867 opinor,
1138 1794 1214 1849 ab
1258 1810 1466 1850 eorum
1510 1793 1699 1850 oculis
1746 1793 1945 1867 aliquo
1978 1797 2053 1854 20

173 1872 578 1930 concederes:
648 1890 805 1929 nunc
859 1878 920 1928 te
976 1872 1188 1947 patria,
1247 1890 1400 1946 quae
1457 1874 1792 1930 communis
1848 1879 1945 1930 est

174 1969 402 2026 parens
433 1953 704 2008 omnium
749 1957 1041 2020 nostrum,
1075 1952 1206 2009 odit
1234 1970 1303 2009 ac
1347 1953 1564 2009 metuit
1592 1959 1654 2009 et
1681 1954 1810 2026 jam
1842 1953 1946 2010 diu

174 2037 236 2088 te
263 2032 421 2088 nihil
440 2032 678 2106 judicat
700 2032 816 2088 nisi
840 2032 913 2088 de
944 2032 1267 2105 parricidio
1298 2049 1408 2088 suo
1432 2032 1725 2104 cogitare:
1767 2032 1948 2105 hujus

174 2117 243 2167 tu
275 2130 475 2186 neque
500 2111 923 2168 auctoritatem
946 2111 1225 2168 verebere
1251 2129 1358 2168 nec
1376 2113 1673 2186 judicium
1696 2129 1944 2186 sequere

174 2208 286 2248 nec
310 2192 437 2248 vim
463 2188 892 2264 pertimesces?
962 2191 1129 2263 Quae
1154 2197 1371 2261 tecum,
1398 2190 1679 2261 Catilina,
1706 2192 1792 2248 sic
1815 2193 1946 2265 agit
1977 2195 2050 2251 25

173 2276 235 2326 et
265 2271 538 2345 quodam
568 2271 747 2327 modo
775 2271 963 2327 tacita
992 2270 1289 2345 loquitur:
1343 2276 1375 2300 “
1401 2270 1652 2328 Nullum
1685 2273 1815 2344 jam
1847 2272 1946 2328 ali-

173 2358 328 2424 quot
368 2351 549 2408 annis
576 2349 808 2407 facinus
836 2350 1073 2417 exstitit
1111 2351 1230 2407 nisi
1269 2367 1377 2424 per
1405 2356 1482 2420 te,
1517 2350 1747 2407 nullum
1779 2350 1945 2424 flagi-

171 2430 332 2485 tium
377 2430 510 2486 eine
539 2435 635 2502 te3
680 2430 790 2486 tibi
832 2429 938 2486 uni
969 2430 1298 2486 multorum
1338 2430 1561 2487 civium
1606 2448 1801 2497 neceS,
1833 2431 1944 2488 tibi

171 2509 425 2566 vexatio
448 2508 827 2583 direptioque
852 2510 1148 2566 sociorum
1174 2510 1473 2584 impunita
1493 2510 1607 2567 fuit
1631 2528 1700 2567 ac
1723 2510 1940 2584 libera3

171 2592 243 2644 tu
275 2606 401 2646 non
445 2588 643 2645 solum
690 2590 765 2645 ad
797 2589 1198 2662 negligendas
1241 2589 1407 2661 leges
1441 2599 1503 2646 et
1531 2590 1936 2664 quaestioneS,
1970 2592 2047 2647 30

74 2739 80 2744 .
170 2684 391 2724 verum
419 2667 608 2724 etiam
650 2668 725 2724 ad
765 2669 1123 2725 evertendas
1167 2669 1744 2745 perfringendasque
1777 2670 1943 2727 valu-

12 3561 135 3678 im

169 2745 308 2804 isti:
355 2748 671 2821 superiora
698 2747 817 2816 illa,
843 2765 1209 2823 quamquam
1245 2750 1491 2806 ferenda
1527 2767 1648 2807 non
1678 2748 1938 2820 fuerunt,

168 2832 401 2896 tamen,
436 2832 504 2884 ut
542 2827 730 2900 potui,
761 2827 912 2900 tuli;
956 2845 1112 2884 nunc
1156 2846 1297 2885 vero
1338 2847 1432 2885 me
1472 2835 1664 2886 totam
1703 2847 1836 2886 esse
1879 2828 1942 2885 in

169 2913 346 2964 metu
390 2913 638 2980 propter
678 2924 865 2963 unum
896 2912 972 2976 te,
1007 2908 1292 2982 quicquid
1321 2907 1698 2984 increpuerit,
1734 2908 1943 2968 Catili-

171 3003 316 3043 nam
347 2984 565 3054 timeri,
598 2986 830 3043 nullum
860 2986 1049 3043 videri
1078 2994 1288 3044 contra
1316 3006 1411 3044 me
1441 2988 1757 3046 consilium
1796 2988 1937 3045 iniri
1969 2987 2044 3045 35

169 3082 355 3138 posse
386 3064 551 3139 quod
596 3082 631 3120 a
671 3070 776 3121 tuo
821 3065 1041 3122 scelere
1086 3066 1422 3136 abhorreat,
1455 3084 1574 3124 non
1619 3074 1715 3123 est
1754 3068 1941 3123 feren-

169 3144 353 3201 dum:
400 3144 790 3218 quamobrem
815 3145 1054 3202 discede
1079 3151 1258 3220 atque
1290 3146 1448 3203 hunc
1478 3145 1624 3202 mihi
1656 3146 1932 3203 timorem

167 3223 368 3298 eripe:
421 3224 475 3279 si
503 3228 600 3279 est
630 3240 824 3290 verus
857 3241 929 3279 ne
966 3225 1304 3298 opprimar;
1348 3225 1441 3281 sin
1472 3225 1681 3292 salensi,
1713 3230 1782 3279 ut
1809 3228 1941 3278 tan-

170 3301 309 3360 dem
343 3301 674 3385 aliquando
700 3301 910 3360 timere
940 3303 1230 3359 desinam
1240 3302 1272 3334 ''
