2284 3717
247 140 334 203 94
761 157 836 204 M.
882 156 1146 205 'runnu
1195 154 1591 203 cicnaoms

348 313 675 371 exercitum
733 313 1088 388 deportavit.
1178 313 1339 384 Quid
1384 329 1525 369 vero
1573 316 1701 369 tam
1765 312 2120 370 inauditum

350 411 530 468 quam
554 393 816 467 equitem
850 394 1195 450 Romanum
1225 390 1633 465 triumphare?
1684 393 1775 448 At
1803 410 1942 449 eam
1972 411 2123 467 quo-

348 491 462 548 que
492 490 617 529 rem
646 473 905 547 populus
938 474 1256 529 Romanus
1286 490 1405 528 non
1435 472 1613 527 modo
1645 472 1816 542 vidit,
1850 473 1958 529 sed
1992 490 2120 528 om·

350 554 519 609 nium
548 553 735 608 etiam
779 553 979 608 studio
1014 552 1324 608 visendam
1354 559 1415 607 et
1444 551 1979 608 concelebrandam
2009 570 2119 626 pu-

284 633 319 690 5
351 633 522 690 tavit.
599 632 758 704 Quid
787 637 915 687 tam
944 631 1302 687 inusitatum
1334 648 1514 705 quam
1548 637 1630 699 ut,
1656 648 1793 687 cum
1824 630 1945 687 duo
1977 649 2118 688 con-

348 712 511 768 sules
535 711 852 767 clarissimi
877 710 1312 784 fortissimique
1334 716 1554 778 essent,
1580 728 1765 783 eques
1789 710 2116 768 Romanus

347 791 424 847 ad
454 791 677 847 bellum
706 791 1038 846 maximum
1068 790 1816 863 formidolosissimumque
1845 807 1956 863 pro
1980 808 2117 858 con-

347 871 475 927 sule
502 867 888 926 mitteretur?
960 869 1195 925 Missus
1216 874 1347 925 est:
1392 886 1512 942 quo
1541 869 1783 942 quidem
1812 874 2112 943 tempore,

347 967 480 1005 cum
511 955 674 1006 essct
703 966 822 1005 non
854 966 1029 1004 nemo
1053 949 1115 1003 in
1147 954 1363 1005 senatu
1393 948 1493 1022 qui
1526 948 1761 1016 diceret,
1788 966 1913 1004 non
1942 966 2115 1023 opor-

246 1031 318 1087 10
346 1035 472 1086 tere
516 1029 678 1086 mitti
722 1028 1023 1084 hominem
1066 1028 1373 1101 privatum
1417 1045 1523 1103 pro
1565 1027 1827 1096 consule,
1861 1027 1932 1085 L.
1967 1028 2113 1085 Phi-

347 1108 548 1183 lippus
573 1108 797 1164 dixisse
823 1108 1054 1177 dicitur‚
1081 1126 1200 1163 non
1232 1125 1296 1163 se
1327 1108 1494 1163 illum
1524 1124 1635 1162 sua
1664 1108 1969 1163 sententia
1996 1125 2109 1181 pro

346 1189 605 1257 consule,
651 1188 756 1244 sed
798 1205 904 1261 pro
950 1187 1295 1244 consulibus
1340 1187 1595 1243 mittere.
1682 1186 1884 1242 Tanta
1928 1187 1992 1242 in
2033 1204 2108 1243 eo

346 1269 432 1324 rei
467 1267 743 1342 publicae
788 1267 935 1323 bene
980 1266 1280 1340 gerendae
1324 1283 1463 1340 spes
1506 1266 2005 1335 constituebatur,
2036 1271 2108 1323 ut

348 1347 603 1403 duorum
646 1346 960 1403 consulum
991 1363 1213 1402 munus
1242 1346 1422 1402 unius
1454 1345 1856 1402 adolescentis
1888 1345 2105 1402 virtuti

243 1428 315 1484 15
346 1428 835 1482 committeretur.
925 1425 1086 1497 Quid
1135 1432 1261 1482 tam
1313 1425 1619 1498 singulare
1670 1442 1850 1498 quam
1902 1430 1974 1481 ut
2031 1443 2105 1483 ex

346 1513 597 1563 senatus
641 1505 916 1562 consulto
958 1505 1200 1579 legibus
1243 1505 1478 1561 solutus
1506 1504 1714 1561 consul
1745 1510 1886 1560 ante
1917 1503 2102 1575 fieret,

347 1603 531 1659 quam
574 1585 764 1641 ullum
807 1584 994 1640 alium
1037 1584 1469 1658 magistratum
1516 1601 1621 1659 per
1669 1582 1836 1657 leges
1887 1601 2104 1657 capere

344 1663 658 1721 licuisset?
745 1664 903 1736 Quid
959 1670 1084 1720 tam
1136 1663 1480 1720 incredibile
1529 1680 1710 1737 quam
1767 1668 1835 1719 ut
1880 1663 2102 1720 iterum

345 1760 530 1816 eques
570 1744 886 1800 Romanus
927 1761 1001 1799 ex
1043 1749 1291 1799 senatus
1333 1742 1608 1799 consulto
1651 1741 2102 1815 triumpharet?

240 1825 314 1881 20
347 1823 515 1895 Quae
559 1823 619 1879 in
662 1822 944 1879 omnibus
994 1822 1341 1878 hominibus
1389 1839 1550 1878 nova
1599 1828 1739 1896 post
1785 1822 2103 1880 hominum

342 1903 686 1958 memoriam
723 1904 1054 1958 constituta
1082 1906 1242 1971 sunt,
1273 1920 1347 1958 ea
1388 1906 1514 1958 tam
1558 1902 1751 1958 multa
1791 1919 1916 1958 non
1960 1908 2105 1959 sunt

336 1986 518 2055 quam
555 1982 715 2050 haec,
741 2000 893 2056 quae
923 1982 985 2037 in
1015 1981 1128 2037 hoc
1160 1999 1278 2037 uno
1309 1981 1547 2037 homine
1574 1981 1885 2038 videmus:
1921 1988 2104 2056 atque

347 2060 495 2117 haec
523 2067 615 2117 tot
643 2062 916 2135 exempla
950 2067 1121 2116 tanta
1166 2078 1234 2117 ac
1277 2066 1402 2116 tam
1448 2078 1606 2116 nova
1646 2061 1918 2135 profecta
1960 2066 2104 2118 sunt

340 2140 402 2195 in
432 2142 684 2197 eundem
718 2140 1013 2197 hominem
1046 2157 1081 2195 a
1113 2140 1183 2212 Q.
1220 2140 1419 2198 Catuli
1465 2146 1644 2213 atque
1688 2158 1724 2196 a
1764 2148 2101 2197 ceterorum

237 2221 309 2277 25
341 2221 605 2293 ejusdem
636 2221 954 2294 dignitatis
986 2219 1492 2292 amplissimorum
1538 2218 1854 2276 hominum
1901 2228 2104 2278 aucto·

339 2301 535 2355 ritate.

422 2381 511 2434 22.
560 2377 757 2449 Quare
782 2378 1029 2435 videant
1057 2395 1130 2434 ne
1163 2377 1244 2434 sit
1269 2377 1651 2452 periniquum
1674 2382 1735 2433 et
1764 2394 1886 2434 non
1915 2378 2103 2436 feren-

343 2457 504 2524 dum,
538 2458 775 2513 illorum
807 2459 1230 2514 auctoritatem
1260 2458 1332 2513 de
1359 2457 1465 2514 On.
1492 2457 1765 2530 Pompeii
1795 2457 2100 2531 dignitate

341 2554 376 2591 a
395 2537 566 2610 vobis
584 2538 1033 2610 comprobatam
1058 2553 1296 2609 semper
1312 2554 1463 2606 esse,
1486 2543 1758 2592 vestrum
1778 2536 1854 2591 ab
1878 2537 2000 2594 illis
2025 2538 2098 2594 de

237 2618 312 2674 30
342 2616 552 2672 eodem
597 2616 838 2673 homine
872 2616 1166 2690 judicium
1195 2616 1520 2690 populique
1552 2614 1814 2671 Romani
1848 2618 2098 2673 auctori-

339 2701 528 2751 tatem
561 2696 900 2769 improbari,
932 2696 1284 2768 praesertim
1318 2712 1454 2751 cum
1488 2696 1616 2767 jam
1647 2711 1756 2749 suo
1789 2696 1926 2767 jure
1955 2714 2099 2771 pop·

339 2774 477 2831 ulus
527 2774 842 2831 Romanus
893 2775 955 2830 in
1004 2774 1117 2830 hoc
1161 2774 1404 2830 homine
1448 2791 1622 2830 suam
1668 2775 2094 2849 auctoritatem

343 2853 435 2909 vel
469 2862 679 2911 contra
707 2871 929 2921 omnes,
963 2853 1066 2927 qui
1110 2854 1495 2921 dissentiunt,
1527 2853 1725 2926 possit
1751 2853 2091 2926 defendere,

335 2939 655 3007 propterea
681 2933 840 3006 quod
870 2933 1062 2988 isdem
1091 2932 1229 2988 istis
1257 2932 1727 2988 reclamantibus
1757 2950 1870 2989 vos
1907 2951 2093 2991 unum

236 3015 307 3071 35
338 3012 506 3068 illum
535 3029 609 3068 ex
640 3012 917 3068 omnibus
949 3012 1276 3084 delegistiS‚
1310 3029 1487 3085 quem
1525 3012 1679 3068 bello
1711 3014 2087 3085 praedonum

337 3091 796 3165 praeponeretis,
871 3091 1007 3146 Hoc
1038 3092 1090 3146 si
1115 3108 1224 3146 vos
1252 3096 1475 3147 temere
1506 3091 1732 3147 fecistis
1761 3097 1824 3147 et
1863 3093 1950 3149 rei
1991 3112 2093 3168 pu-

336 3168 526 3224 blicae
546 3185 759 3241 parum
781 3169 1189 3238 consuluistiS‚
1212 3177 1368 3226 recte
1393 3170 1493 3226 isti
1516 3171 1717 3227 studia
1737 3179 1945 3229 vestra
1965 3174 2088 3229 suis

338 3246 603 3301 consiliis
645 3263 850 3316 regere
881 3254 1210 3318 conantur3
1255 3249 1348 3304 sin
1393 3255 1593 3304 autem
1625 3267 1734 3305 vos
1777 3251 1918 3323 plus
1960 3261 2088 3308 tum

336 3320 399 3374 in
428 3339 488 3377 re
516 3323 757 3395 publica
778 3323 1032 3393 vidistis
1059 3342 1170 3381 vos
1198 3327 1287 3382 eis
1316 3329 1799 3402 repugnantibus
1829 3348 1939 3405 per
1961 3347 2090 3388 vos·
