2284 3717
572 714 669 784 M.
724 712 1042 783 TULLII
1103 712 1601 800 CICERONIS

402 924 610 1015 PRO
695 925 790 1018 Q.
851 923 1285 1013 LIGARIO
1360 923 1770 1013 ORATIO.

229 1296 281 1351 1.
327 1292 591 1351 Novom
620 1293 860 1364 crimen,
897 1294 962 1352 O.
997 1294 1242 1364 Caesar,
1274 1298 1338 1350 et
1380 1298 1520 1350 ante
1564 1292 1722 1350 hunc
1757 1294 1919 1350 diem

148 1391 267 1430 non
300 1374 580 1430 auditum
611 1374 990 1448 propinquus
1032 1391 1205 1430 meus
1242 1374 1320 1431 ad
1350 1380 1410 1430 te
1443 1376 1512 1446 Q.
1551 1372 1791 1429 Tubero
1823 1374 1921 1429 de-

149 1454 309 1522 tulit,
346 1453 415 1525 Q.
452 1452 770 1526 Ligarium
810 1454 874 1509 in
906 1454 1116 1510 Africa
1144 1454 1351 1522 fuisse,
1384 1454 1563 1527 idque
1597 1452 1662 1510 O.
1694 1452 1917 1522 Pansa,

155 1533 493 1607 praestanti
535 1532 630 1588 vir
671 1532 932 1606 ingenio,
964 1534 1158 1590 fretus
1204 1534 1463 1590 fortasse
1509 1532 1919 1588 familiaritate

152 1630 240 1681 ea,
272 1630 430 1686 quae
479 1617 578 1668 est
623 1613 682 1668 ei
731 1621 948 1678 tecum,
988 1630 1177 1669 ausus
1225 1618 1321 1669 est
1363 1611 1662 1670 confiteri:
1710 1611 1915 1685 itaque
1985 1613 2021 1669 5

155 1710 273 1765 quo
330 1709 426 1749 me
486 1699 720 1748 vertam
778 1693 995 1749 nescio.
1083 1692 1343 1748 Paratus
1397 1691 1556 1747 enim
1617 1709 1918 1761 veneram,

157 1788 291 1826 cum
321 1777 392 1827 tu
418 1771 481 1828 id
525 1788 720 1844 neque
749 1789 856 1845 per
884 1779 945 1829 te
974 1771 1162 1828 scires
1207 1788 1401 1845 neque
1437 1771 1646 1827 audire
1680 1770 1920 1827 aliunde

161 1850 479 1924 potuisseS,
500 1856 570 1907 ut
600 1850 980 1924 ignoratione
1004 1859 1111 1906 tua
1135 1851 1212 1907 ad
1243 1851 1505 1907 hominis
1535 1850 1737 1906 miseri
1766 1850 1923 1906 salu-

160 1935 281 1985 tem
327 1931 644 2000 abuterer3
701 1931 807 1986 sed
857 1931 1144 2004 quoniam
1187 1931 1510 2004 diligentia
1561 1930 1789 1986 inimici
1839 1930 1924 1985 in-

164 2009 534 2082 vestigatum
577 2015 673 2065 est
713 2010 875 2084 quod
918 2011 1167 2079 latebat,
1210 2010 1614 2066 confitendum
1657 2015 1769 2078 est,
1802 2009 1925 2083 opi·
1955 2010 2026 2066 10

166 2105 288 2157 nor,
312 2090 668 2162 praesertim
694 2107 830 2145 cum
860 2107 1032 2145 meus
1059 2089 1435 2146 necessarius
1468 2090 1674 2145 Pansa
1697 2088 1918 2158 fecerit,

167 2172 236 2223 ut
284 2167 340 2223 id
393 2169 701 2242 integrum
740 2169 872 2241 jam
921 2186 1041 2225 non
1080 2175 1262 2238 esset,
1309 2170 1651 2242 omissaque
1692 2175 1927 2225 contro-

167 2248 362 2303 versia
408 2248 612 2304 omnis
668 2249 862 2305 oratio
920 2249 997 2305 ad
1055 2248 1530 2305 misericordiam
1580 2255 1749 2305 tuam
1791 2266 1926 2304 con-

167 2325 417 2391 ferenda
445 2334 561 2396 est,
591 2345 714 2401 qua
753 2328 1001 2401 plurimi
1043 2334 1188 2385 sunt
1226 2327 1586 2397 conservati,
1619 2345 1754 2384 cum
1801 2345 1836 2383 a
1865 2337 1924 2383 te

167 2421 295 2460 non·
317 2406 735 2463 liberationem
763 2407 990 2482 culpae,
1024 2408 1129 2463 sed
1168 2408 1350 2464 errati
1380 2408 1619 2463 veniam
1649 2407 1928 2481 impetra·
1958 2407 2029 2463 15

168 2483 412 2543 vissent.
502 2486 713 2542 Habes
744 2486 946 2560 igitur,
981 2487 1234 2556 Tuber0‚
1268 2487 1430 2561 quod
1462 2492 1559 2543 est
1588 2485 1919 2544 accusatori

168 2564 418 2621 maxime
474 2566 826 2641 optandum,
876 2566 1262 2623 confitentem
1318 2584 1506 2635 reum,
1557 2566 1663 2622 sed
1722 2572 1924 2623 tamen

171 2639 283 2697 hoc
322 2644 722 2713 confitentem,
755 2663 819 2701 se
866 2645 929 2701 in
969 2664 1043 2701 ea
1084 2651 1255 2721 parte
1300 2646 1503 2715 fuisse,
1537 2664 1657 2719 qua
1695 2651 1772 2715 te,
1806 2665 1927 2721 qua

173 2720 365 2779 virum
405 2725 571 2780 omni
614 2724 792 2781 laude
833 2725 1108 2798 dignum,
1150 2731 1384 2800 patrem
1428 2731 1619 2782 tuum.
1707 2725 1924 2800 Itaque

172 2801 335 2873 prius
388 2804 461 2860 de
515 2811 719 2861 vestro
769 2804 987 2861 delicto
1045 2805 1455 2861 confiteamini
1512 2822 1755 2861 necesse
1812 2812 1923 2876 est,
1959 2806 2031 2863 20

173 2897 348 2953 quam
380 2882 614 2957 Ligarii
644 2883 830 2939 ullam
860 2884 1098 2957 culpam
1128 2884 1601 2957 reprehendatis

261 2960 323 3031 Q.
354 2964 511 3018 enim
545 2962 847 3035 LigariuS‚
879 2981 1014 3020 cum
1045 2970 1209 3020 esset
1251 2965 1417 3019 nulla
1457 2963 1598 3020 belli
1643 2964 1922 3038 suspiciO,

175 3036 405 3110 legatus
452 3043 513 3097 in
546 3042 817 3098 Africam
864 3060 1000 3099 cum
1034 3043 1097 3100 O.
1134 3043 1422 3100 Considio
1467 3043 1772 3118 profectus
1814 3050 1925 3110 est,

176 3133 295 3189 qua
320 3119 377 3175 in
407 3121 708 3194 legatione
739 3128 802 3177 et
832 3123 1072 3179 civibus
1100 3129 1163 3179 et
1191 3122 1372 3179 sociis
1415 3123 1501 3179 ita
1529 3140 1595 3178 se
1625 3122 1924 3194 probavit,

178 3201 253 3250 ut
272 3197 551 3256 decedens
578 3201 904 3258 Considius
934 3202 1246 3275 provincia
1276 3203 1425 3258 satis
1448 3203 1642 3257 facere
1675 3200 1929 3255 homini·
1961 3201 2032 3255 25

179 3273 292 3330 bus
313 3294 425 3334 non
447 3286 672 3355 posset,
697 3281 750 3336 si
775 3299 1137 3355 quemquam
1167 3281 1353 3337 alium
1379 3279 1727 3353 provinciae
1757 3295 1924 3348 prae·

181 3352 432 3485 fecisse}i
462 3359 726 3487 Gilataque
772 3360 1079 3433 Ligarius,
1117 3377 1255 3414 cum
1298 3359 1401 3414 diu
1443 3353 1924 3473 1·ecusanls}ssnihil
